,brewery,name,origin,volume_ml,price,bitterness,body,sweetness,recommendation,cat_1,cat_2,price/100_ml
0,harpoon,big league,usa,355.0,26.9,6.0,8.0,3.0,Passar till fläskPassar till lammPassar till nötPassar till sällskapsdryck,ale,imperial/dubbel ipa,7.577464788732394
1,barlingbo bryggeri,galgbacken,sverige,330.0,14.9,7.0,6.0,2.0,Passar till lammPassar till fläskPassar till sällskapsdryck,ale,india pale ale,4.515151515151515
2,holba horska,,tjeckien,330.0,9.4,6.0,6.0,2.0,Passar till fläskPassar till lammPassar till sällskapsdryck,ljus lager,pilsner,2.8484848484848486
3,founders solid gold,,usa,355.0,16.9,5.0,5.0,2.0,Passar till fiskPassar till fläskPassar till grönsakerPassar till sällskapsdryck,ljus lager,internationell stil,4.76056338028169
4,newcastle brown ale,,storbritannien,330.0,16.9,5.0,5.0,2.0,Passar till fläskPassar till grönsakerPassar till nötPassar till sällskapsdryck,ale,brown ale,5.121212121212121
5,finn,unfiltered helles,sverige,440.0,21.9,6.0,6.0,2.0,Passar till fågelPassar till fläskPassar till grönsakerPassar till sällskapsdryck,ljus lager,dortmunder och helles,4.977272727272727
6,nääs session ipa,nääs gårdsbryggeri,sverige,330.0,21.9,7.0,5.0,1.0,Passar till fiskPassar till fågelPassar till fläskPassar till sällskapsdryck,ale,session ipa,6.636363636363636
7,bira 91,blonde summer lager,indien,330.0,15.9,4.0,4.0,1.0,Passar till fiskPassar till fläskPassar till grönsakerPassar till sällskapsdryck,ljus lager,internationell stil,4.818181818181818
8,arton56,glutenfri,sverige,330.0,12.9,4.0,4.0,1.0,Passar till fiskPassar till grönsakerPassar till fågelPassar till sällskapsdryck,ljus lager,internationell stil,3.909090909090909
9,menabrea,birra bionda,italien,330.0,14.9,4.0,5.0,2.0,Passar till fiskPassar till fläskPassar till grönsakerPassar till sällskapsdryck,ljus lager,internationell stil,4.515151515151515
10,filou,kasteel brouwerij vanhonsebrouck bvba,belgien,330.0,27.9,4.0,7.0,3.0,Passar till fågelPassar till fläskPassar till grönsakerPassar till sällskapsdryck,ale,belgisk ljus ale,8.454545454545453
11,primátor antonin,,tjeckien,500.0,15.9,7.0,6.0,2.0,Passar till fågelPassar till fläskPassar till grönsakerPassar till sällskapsdryck,ljus lager,pilsner,3.18
12,1664 lager,,frankrike,330.0,12.9,3.0,4.0,1.0,Passar till fiskPassar till skaldjurPassar till grönsakerPassar till sällskapsdryck,ljus lager,internationell stil,3.909090909090909
13,o.j. pilsener,,belgien,330.0,12.5,5.0,5.0,2.0,Passar till fiskPassar till fläskPassar till grönsakerPassar till sällskapsdryck,ljus lager,pilsner,3.787878787878788
14,nils oscar god lager eko,,sverige,440.0,21.9,6.0,6.0,2.0,Passar till lammPassar till nötPassar till sällskapsdryck,ljus lager,dortmunder och helles,4.977272727272727
15,estrella damm,,spanien,330.0,12.9,3.0,3.0,1.0,Passar till fågelPassar till fiskPassar till kryddstarktPassar till sällskapsdryck,ljus lager,internationell stil,3.909090909090909
16,budvar budejovicky dark lager,budéjovický budvar n p,tjeckien,500.0,16.9,6.0,6.0,2.0,Passar till lammPassar till nötPassar till sällskapsdryck,mörk lager,dunkel,3.38
17,connecticut valley the visitor,,usa,355.0,24.9,7.0,7.0,2.0,Passar till lammPassar till nötPassar till sällskapsdryck,ale,golden/blond ale,7.014084507042254
18,gouden carolus ultra,,belgien,330.0,23.9,4.0,4.0,2.0,Passar till fläskPassar till lammPassar till grönsakerPassar till sällskapsdryck,ale,belgisk ljus ale,7.242424242424242
19,north brewing,full fathom 5,storbritannien,330.0,25.9,6.0,6.0,4.0,Passar till sällskapsdryck,söt porter och stout,,7.848484848484848
20,boulevard,berry noir,usa,355.0,25.9,2.0,4.0,1.0,Passar till aperitifPassar till sällskapsdryck,syrlig öl,berliner weisse,7.295774647887324
21,kona,longboard lager,usa,355.0,18.9,4.0,4.0,1.0,Passar till fiskPassar till grönsakerPassar till fläskPassar till sällskapsdryck,ljus lager,internationell stil,5.32394366197183
22,gothenburg brew,american pale ale,sverige,330.0,22.8,7.0,6.0,2.0,Passar till fläskPassar till lammPassar till sällskapsdryck,ale,amerikansk pale ale,6.909090909090909
23,alaryk,blanche,frankrike,330.0,27.9,2.0,4.0,2.0,Passar till fiskPassar till fågelPassar till kryddstarktPassar till grönsaker,veteöl,witbier,8.454545454545453
24,oppigårds,grim apa,sverige,330.0,23.5,8.0,7.0,2.0,Passar till lammPassar till nötPassar till sällskapsdryck,ale,amerikansk pale ale,7.121212121212121
25,poppels bryggeri,passion pale ale,sverige,330.0,24.9,5.0,6.0,2.0,Passar till fågelPassar till fläskPassar till sällskapsdryckPassar till grönsaker,ale,amerikansk pale ale,7.545454545454546
26,corona extra,,mexiko,355.0,18.5,3.0,3.0,1.0,Passar till asiatisktPassar till grönsakerPassar till kryddstarktPassar till sällskapsdryck,ljus lager,internationell stil,5.211267605633803
27,ey'bro,,sverige,330.0,7.9,4.0,4.0,1.0,Passar till fiskPassar till skaldjurPassar till sällskapsdryck,ljus lager,internationell stil,2.393939393939394
28,král lev pivo,,tjeckien,330.0,7.9,5.0,5.0,2.0,Passar till fiskPassar till fläskPassar till grönsakerPassar till sällskapsdryck,ljus lager,internationell stil,2.393939393939394
29,lagunitas,ipa,,355.0,23.9,9.0,7.0,2.0,Passar till lammPassar till nötPassar till sällskapsdryckPassar till fläsk,ale,india pale ale,6.732394366197182
30,brutal brewing,a ship full of ipa india pale ale,sverige,330.0,16.9,8.0,7.0,2.0,Passar till lammPassar till nötPassar till sällskapsdryckPassar till fläsk,ale,india pale ale,5.121212121212121
31,newcastle brown ale,,storbritannien,330.0,16.9,6.0,6.0,2.0,Passar till fläskPassar till lammPassar till nötPassar till sällskapsdryck,ale,brown ale,5.121212121212121
32,1664 blanc,,,330.0,17.7,1.0,4.0,1.0,Passar till kryddstarktPassar till buffématPassar till skaldjurPassar till sällskapsdryck,veteöl,witbier,5.363636363636363
33,hawkshead,red bitter,storbritannien,500.0,20.9,7.0,6.0,2.0,Passar till lammPassar till nötPassar till sällskapsdryck,ale,engelsk pale ale och bitter,4.18
34,amundsen,apocalyptic thunder juice neipa,norge,330.0,25.9,7.0,7.0,2.0,Passar till fågelPassar till fläskPassar till sällskapsdryckPassar till grönsaker,ale,new england ipa/hazy ipa,7.848484848484848
35,heineken,,,330.0,14.9,5.0,5.0,1.0,Passar till fiskPassar till fläskPassar till grönsakerPassar till sällskapsdryck,ljus lager,internationell stil,4.515151515151515
36,guinness,draught,irland,440.0,23.4,7.0,6.0,1.0,Passar till nötPassar till sällskapsdryckPassar till viltPassar till skaldjur,torr porter och stout,,5.3181818181818175
37,brewdog punk ipa,,storbritannien,330.0,20.9,8.0,7.0,1.0,Passar till lammPassar till nötPassar till sällskapsdryckPassar till fläsk,ale,india pale ale,6.333333333333332
38,melleruds,utmärkta pilsner,sverige,330.0,15.9,6.0,6.0,1.0,Passar till fläskPassar till fiskPassar till buffématPassar till sällskapsdryck,ljus lager,pilsner,4.818181818181818
39,leffe,blonde,belgien,330.0,20.9,4.0,7.0,4.0,Passar till fläskPassar till ostPassar till sällskapsdryckPassar till grönsaker,ale,belgisk ljus ale,6.333333333333332
40,hoegaarden,wit-blanche,belgien,330.0,17.0,1.0,4.0,1.0,Passar till grönsakerPassar till fiskPassar till sällskapsdryckPassar till kryddstarkt,veteöl,witbier,5.151515151515151
41,stigbergets,west coast neipa,sverige,330.0,32.9,9.0,7.0,2.0,Passar till lammPassar till nötPassar till sällskapsdryckPassar till fläsk,ale,new england ipa/hazy ipa,9.969696969696969
42,zlatopramen,half n' half,tjeckien,500.0,18.9,6.0,6.0,2.0,Passar till fläskPassar till lammPassar till nötPassar till sällskapsdryck,mellanmörk lager,polotmavý,3.7800000000000002
43,peroni nastro azzurro,,italien,330.0,17.9,5.0,5.0,1.0,Passar till fågelPassar till fiskPassar till buffématPassar till sällskapsdryck,ljus lager,internationell stil,5.424242424242424
44,gotlands bryggeri,sleepy bulldog pale ale,sverige,330.0,19.5,7.0,6.0,1.0,Passar till fläskPassar till lammPassar till fiskPassar till sällskapsdryck,ale,engelsk pale ale och bitter,5.909090909090909
45,gösser,,österrike,330.0,12.9,5.0,5.0,1.0,Passar till fiskPassar till fläskPassar till sällskapsdryckPassar till fågel,ljus lager,pilsner,3.909090909090909
46,brewdog punk ipa,,storbritannien,330.0,19.9,8.0,7.0,1.0,Passar till lammPassar till nötPassar till sällskapsdryck,ale,india pale ale,6.030303030303029
47,erdinger,weissbier hefe,tyskland,500.0,23.9,2.0,5.0,2.0,Passar till asiatisktPassar till fiskPassar till fläskPassar till kryddstarkt,veteöl,hefeweizen,4.779999999999999
48,stella artois,,belgien,330.0,17.0,4.0,4.0,2.0,Passar till buffématPassar till kryddstarktPassar till sällskapsdryck,ljus lager,internationell stil,5.151515151515151
49,mariestads export,,sverige,500.0,15.9,6.0,6.0,1.0,Passar till buffématPassar till fiskPassar till grönsakerPassar till sällskapsdryck,ljus lager,dortmunder och helles,3.18
50,mariestads export,,sverige,500.0,16.9,6.0,6.0,1.0,Passar till buffématPassar till fiskPassar till grönsakerPassar till sällskapsdryck,ljus lager,dortmunder och helles,3.38
51,carlsberg hof,organic,,330.0,13.5,4.0,4.0,1.0,Passar till fiskPassar till fläskPassar till buffématPassar till sällskapsdryck,ljus lager,internationell stil,4.090909090909091
52,staropramen,,tjeckien,330.0,17.0,6.0,6.0,2.0,Passar till fiskPassar till fågelPassar till fläskPassar till sällskapsdryck,ljus lager,pilsner,5.151515151515151
53,hofbräu münchen oktoberfest,,tyskland,500.0,23.9,6.0,6.0,2.0,Passar till fläskPassar till fågelPassar till sällskapsdryckPassar till grönsaker,ljus lager,starkare lager,4.779999999999999
54,carlsberg hof,organic,,500.0,14.5,4.0,4.0,1.0,Passar till fiskPassar till fläskPassar till buffématPassar till sällskapsdryck,ljus lager,internationell stil,2.9000000000000004
55,sofiero original,,sverige,500.0,11.9,4.0,4.0,1.0,Passar till sällskapsdryckPassar till fiskPassar till fläskPassar till fågel,ljus lager,internationell stil,2.3800000000000003
56,kung,,sverige,500.0,11.4,5.0,5.0,2.0,Passar till fiskPassar till fågelPassar till buffématPassar till sällskapsdryck,ljus lager,internationell stil,2.2800000000000002
57,poppels bryggeri,session ipa,sverige,330.0,20.0,7.0,7.0,1.0,Passar till fläskPassar till lammPassar till grönsakerPassar till sällskapsdryck,ale,session ipa,6.0606060606060606
58,falcon bayerskt,,sverige,500.0,15.9,4.0,6.0,2.0,Passar till sällskapsdryckPassar till fläskPassar till lamm,mellanmörk lager,märzen och wienerstil,3.18
59,norrlands guld,export,sverige,500.0,13.9,5.0,5.0,2.0,Passar till fiskPassar till fågelPassar till buffématPassar till sällskapsdryck,ljus lager,internationell stil,2.7800000000000002
60,carlsberg hof,organic,,330.0,10.9,4.0,4.0,1.0,Passar till fiskPassar till fläskPassar till buffématPassar till sällskapsdryck,ljus lager,internationell stil,3.3030303030303036
61,guinness,extra stout,irland,330.0,19.9,7.0,8.0,1.0,Passar till lammPassar till nötPassar till skaldjurPassar till vilt,torr porter och stout,,6.030303030303029
62,melleruds paradpilsner,,sverige,330.0,15.9,7.0,7.0,1.0,Passar till fågelPassar till fläskPassar till sällskapsdryckPassar till nöt,ljus lager,modern stil/india pale lager,4.818181818181818
63,falcon export,,sverige,330.0,9.9,5.0,5.0,1.0,Passar till fiskPassar till fläskPassar till kryddstarktPassar till sällskapsdryck,ljus lager,internationell stil,3.0000000000000004
64,ballast point,grunion ipa,usa,355.0,19.9,8.0,7.0,2.0,Passar till lammPassar till nötPassar till sällskapsdryckPassar till fläsk,ale,india pale ale,5.605633802816901
65,mariestads export,,sverige,330.0,13.9,6.0,6.0,1.0,Passar till buffématPassar till fiskPassar till grönsakerPassar till sällskapsdryck,ljus lager,dortmunder och helles,4.212121212121212
66,norrlands ljus,,sverige,330.0,13.5,4.0,4.0,1.0,Passar till fiskPassar till fågelPassar till fläskPassar till sällskapsdryck,ljus lager,internationell stil,4.090909090909091
67,tuborg grön,,,330.0,9.2,4.0,4.0,1.0,Passar till fiskPassar till sällskapsdryckPassar till fläskPassar till buffémat,ljus lager,internationell stil,2.7878787878787876
68,norrlands guld,export,sverige,330.0,10.7,5.0,5.0,2.0,Passar till fiskPassar till fågelPassar till buffématPassar till sällskapsdryck,ljus lager,internationell stil,3.2424242424242427
69,oppigårds,norn pale ale,sverige,330.0,23.5,6.0,6.0,1.0,Passar till fågelPassar till fläskPassar till sällskapsdryckPassar till grönsaker,ale,amerikansk pale ale,7.121212121212121
70,oppigårds,new sweden ipa,sverige,330.0,25.5,8.0,7.0,1.0,Passar till lammPassar till nötPassar till sällskapsdryckPassar till fläsk,ale,new england ipa/hazy ipa,7.727272727272727
71,mariestads export,,sverige,330.0,12.9,6.0,6.0,1.0,Passar till buffématPassar till fiskPassar till grönsakerPassar till sällskapsdryck,ljus lager,dortmunder och helles,3.909090909090909
72,åbro original,extra stark,sverige,330.0,10.9,5.0,7.0,3.0,Passar till fiskPassar till fågelPassar till fläskPassar till sällskapsdryck,ljus lager,starkare lager,3.3030303030303036
73,lagunitas maximus,,usa,355.0,27.9,9.0,8.0,2.0,Passar till lammPassar till nötPassar till sällskapsdryck,ale,imperial/dubbel ipa,7.859154929577464
74,to øl # dipa,,danmark,440.0,34.9,7.0,8.0,3.0,Passar till lammPassar till nötPassar till sällskapsdryck,ale,imperial/dubbel ipa,7.931818181818182
75,pabst blue ribbon,export,usa,355.0,14.9,5.0,6.0,2.0,Passar till fiskPassar till fågelPassar till skaldjurPassar till sällskapsdryck,ljus lager,internationell stil,4.19718309859155
76,heineken,,,330.0,12.9,5.0,5.0,1.0,Passar till fiskPassar till fläskPassar till grönsakerPassar till sällskapsdryck,ljus lager,internationell stil,3.909090909090909
77,småland,,sverige,330.0,9.4,5.0,5.0,1.0,Passar till fiskPassar till fläskPassar till nötPassar till sällskapsdryck,ljus lager,pilsner,2.8484848484848486
78,gotlands bryggeri,sitting bulldog ipa,sverige,330.0,22.6,8.0,7.0,2.0,Passar till lammPassar till nötPassar till sällskapsdryckPassar till fläsk,ale,india pale ale,6.8484848484848495
79,swedish elk brew,,sverige,330.0,12.9,3.0,4.0,1.0,Passar till sällskapsdryckPassar till fågelPassar till fläsk,ljus lager,starkare lager,3.909090909090909
80,falcon export,,sverige,500.0,13.9,5.0,5.0,1.0,Passar till fiskPassar till fläskPassar till kryddstarktPassar till sällskapsdryck,ljus lager,internationell stil,2.7800000000000002
81,bryggmästarens premium gold,,sverige,500.0,14.9,6.0,6.0,1.0,Passar till buffématPassar till fiskPassar till sällskapsdryckPassar till grönsaker,ljus lager,dortmunder och helles,2.98
82,mariestads old ox,,sverige,500.0,18.9,6.0,7.0,2.0,Passar till sällskapsdryckPassar till fläsk,ljus lager,ljus bocköl,3.7800000000000002
83,eriksberg,,sverige,500.0,16.9,4.0,5.0,2.0,Passar till buffématPassar till grönsakerPassar till fiskPassar till sällskapsdryck,ljus lager,dortmunder och helles,3.38
84,carlsberg export,,,500.0,16.3,5.0,6.0,1.0,Passar till fiskPassar till buffématPassar till fläskPassar till sällskapsdryck,ljus lager,internationell stil,3.2600000000000002
85,spendrups premium gold,,sverige,500.0,14.9,6.0,6.0,2.0,Passar till fiskPassar till buffématPassar till fläskPassar till sällskapsdryck,ljus lager,internationell stil,2.98
86,eriksberg,karaktär,sverige,330.0,14.7,5.0,6.0,2.0,Passar till fläskPassar till lammPassar till nötPassar till sällskapsdryck,mellanmörk lager,märzen och wienerstil,4.454545454545454
87,budvar,budejovicky,tjeckien,330.0,14.9,5.0,5.0,2.0,Passar till fiskPassar till fågelPassar till fläskPassar till sällskapsdryck,ljus lager,pilsner,4.515151515151515
88,sofiero original,guld,sverige,500.0,15.4,6.0,7.0,2.0,Passar till fläskPassar till nötPassar till lammPassar till sällskapsdryck,ljus lager,starkare lager,3.08
89,bavaria premium,,nederländerna,250.0,11.4,5.0,4.0,2.0,Passar till fiskPassar till fläskPassar till grönsakerPassar till sällskapsdryck,ljus lager,internationell stil,4.5600000000000005
90,brooklyn,east ipa,,330.0,23.9,8.0,7.0,2.0,Passar till lammPassar till nötPassar till sällskapsdryck,ale,india pale ale,7.242424242424242
91,fagerhult,export,sverige,330.0,9.4,5.0,5.0,1.0,Passar till sällskapsdryckPassar till fläskPassar till fiskPassar till grönsaker,ljus lager,dortmunder och helles,2.8484848484848486
92,carlsberg sort guld,,,330.0,12.9,5.0,5.0,1.0,Passar till fiskPassar till fläskPassar till grönsakerPassar till sällskapsdryck,ljus lager,internationell stil,3.909090909090909
93,pripps blå,export,sverige,500.0,11.7,5.0,5.0,2.0,Passar till fiskPassar till fläskPassar till buffématPassar till sällskapsdryck,ljus lager,internationell stil,2.34
94,fem komma tvåan,,sverige,500.0,11.9,5.0,5.0,2.0,Passar till sällskapsdryckPassar till buffématPassar till fiskPassar till fågel,ljus lager,internationell stil,2.3800000000000003
95,oppigårds amarillo,,sverige,330.0,22.0,8.0,7.0,2.0,Passar till sällskapsdryckPassar till fågelPassar till fläskPassar till grönsaker,ale,amerikansk pale ale,6.666666666666667
96,sierra nevada,pale ale,usa,355.0,23.9,8.0,7.0,1.0,Passar till grönsakerPassar till fågelPassar till fläskPassar till sällskapsdryck,ale,amerikansk pale ale,6.732394366197182
97,norrlands djup,,sverige,500.0,16.9,5.0,7.0,4.0,Passar till lammPassar till nötPassar till fläskPassar till sällskapsdryck,ljus lager,starkare lager,3.38
98,pripps extra stark,,sverige,500.0,14.5,5.0,8.0,4.0,Passar till fläskPassar till lammPassar till nötPassar till sällskapsdryck,ljus lager,starkare lager,2.9000000000000004
99,eriksberg,,sverige,330.0,12.9,4.0,5.0,2.0,Passar till buffématPassar till grönsakerPassar till fiskPassar till sällskapsdryck,ljus lager,dortmunder och helles,3.909090909090909
100,nya carnegiebryggeriet,100w ipa,sverige,330.0,26.9,8.0,7.0,3.0,Passar till lammPassar till nötPassar till sällskapsdryckPassar till fläsk,ale,india pale ale,8.15151515151515
101,poppels bryggeri,american pale ale,sverige,330.0,23.5,7.0,6.0,1.0,Passar till fläskPassar till fågelPassar till sällskapsdryckPassar till grönsaker,ale,amerikansk pale ale,7.121212121212121
102,kona,big wave,usa,355.0,22.9,5.0,6.0,2.0,Passar till fiskPassar till fågelPassar till grönsakerPassar till sällskapsdryck,ale,golden/blond ale,6.450704225352112
103,oppigårds utah dipa,oppigårds bryggeri ab,sverige,330.0,32.5,8.0,7.0,3.0,Passar till sällskapsdryckPassar till lammPassar till nöt,ale,imperial/dubbel ipa,9.848484848484848
104,pilsner urquell,,tjeckien,330.0,16.5,6.0,6.0,1.0,Passar till lammPassar till fläskPassar till fågelPassar till sällskapsdryck,ljus lager,pilsner,5.0
105,collective arts,radio the mothership imperial ipa,kanada,355.0,29.9,9.0,8.0,3.0,Passar till lammPassar till nötPassar till sällskapsdryckPassar till fläsk,ale,imperial/dubbel ipa,8.422535211267606
106,oppigårds,golden ale,sverige,330.0,22.0,8.0,6.0,1.0,Passar till fläskPassar till sällskapsdryckPassar till fiskPassar till grönsaker,ale,golden/blond ale,6.666666666666667
107,baron trenck,,tjeckien,500.0,23.5,6.0,7.0,2.0,Passar till sällskapsdryckPassar till nötPassar till fläsk,ljus lager,starkare lager,4.7
108,bernard,amber lager,tjeckien,330.0,17.9,6.0,6.0,3.0,Passar till lammPassar till nötPassar till sällskapsdryck,mellanmörk lager,polotmavý,5.424242424242424
109,carlsberg export,,,330.0,13.9,5.0,6.0,1.0,Passar till fiskPassar till buffématPassar till fläskPassar till sällskapsdryck,ljus lager,internationell stil,4.212121212121212
110,gotlands bryggeri,wisby pils,sverige,330.0,20.9,7.0,5.0,1.0,Passar till buffématPassar till fiskPassar till sällskapsdryckPassar till grönsaker,ljus lager,pilsner,6.333333333333332
111,innis & gunn,oak aged beer,storbritannien,330.0,19.9,6.0,7.0,3.0,Passar till ostPassar till sällskapsdryck,ale,strong ale,6.030303030303029
112,brooklyn lager,,,330.0,17.9,7.0,7.0,1.0,Passar till fläskPassar till lammPassar till nötPassar till sällskapsdryck,ljus lager,modern stil/india pale lager,5.424242424242424
113,karlovacko,,kroatien,500.0,18.9,5.0,5.0,1.0,Passar till buffématPassar till fågelPassar till fläskPassar till sällskapsdryck,ljus lager,internationell stil,3.7800000000000002
114,miller,genuine draft,,330.0,15.9,3.0,3.0,1.0,Passar till sällskapsdryckPassar till buffématPassar till kryddstarkt,ljus lager,internationell stil,4.818181818181818
115,bright brew,,sverige,500.0,14.7,5.0,5.0,1.0,Passar till buffématPassar till fiskPassar till fläskPassar till sällskapsdryck,ljus lager,internationell stil,2.94
116,lindemans apple,,belgien,250.0,21.9,2.0,4.0,6.0,Passar till aperitifPassar till sällskapsdryck,syrlig öl,frukt,8.76
117,jämtlands,india pale ale,sverige,330.0,21.9,8.0,6.0,1.0,Passar till fläskPassar till lammPassar till fiskPassar till sällskapsdryck,ale,india pale ale,6.636363636363636
118,"arboga 10,2",,sverige,500.0,20.9,5.0,8.0,6.0,Passar till fläskPassar till nöt,ljus lager,starkare lager,4.18
119,grosshandlarens,premium lager,sverige,500.0,14.9,6.0,6.0,2.0,Passar till fläskPassar till lammPassar till sällskapsdryck,mellanmörk lager,märzen och wienerstil,2.98
120,mariestads dunkel,,sverige,330.0,14.9,6.0,6.0,2.0,Passar till lammPassar till nötPassar till sällskapsdryck,mörk lager,dunkel,4.515151515151515
121,franziskaner,hefe-weissbier,tyskland,500.0,23.6,2.0,5.0,1.0,Passar till sällskapsdryckPassar till grönsakerPassar till fiskPassar till kryddstarkt,veteöl,hefeweizen,4.720000000000001
122,brooklyn,defender ipa,sverige,330.0,20.9,8.0,7.0,2.0,Passar till lammPassar till nötPassar till sällskapsdryckPassar till fläsk,ale,india pale ale,6.333333333333332
123,zywiec,,polen,500.0,17.9,4.0,5.0,1.0,Passar till fiskPassar till fågelPassar till buffématPassar till sällskapsdryck,ljus lager,internationell stil,3.58
124,staropramen,,tjeckien,500.0,17.9,6.0,6.0,2.0,Passar till fiskPassar till fågelPassar till fläskPassar till sällskapsdryck,ljus lager,pilsner,3.58
125,pistonhead,x-edition,sverige,330.0,11.5,6.0,5.0,1.0,Passar till fiskPassar till fågelPassar till fläskPassar till sällskapsdryck,ljus lager,modern stil/india pale lager,3.4848484848484853
126,sju komma tvåan,,sverige,500.0,14.4,4.0,7.0,4.0,Passar till lammPassar till nötPassar till fläskPassar till sällskapsdryck,ljus lager,starkare lager,2.88
127,kona brewing,big wave golden ale,usa,355.0,20.9,6.0,6.0,2.0,Passar till lammPassar till nötPassar till sällskapsdryckPassar till kryddstarkt,ale,golden/blond ale,5.887323943661971
128,grolsch premium lager,,nederländerna,330.0,13.9,5.0,5.0,1.0,Passar till buffématPassar till fiskPassar till fågelPassar till fläsk,ljus lager,internationell stil,4.212121212121212
129,stigbergets amazing haze,ipa,sverige,330.0,32.9,10.0,7.0,1.0,Passar till lammPassar till nötPassar till sällskapsdryckPassar till fläsk,ale,new england ipa/hazy ipa,9.969696969696969
130,clockwork,tangerine session ipa,storbritannien,330.0,16.9,7.0,6.0,2.0,Passar till grönsakerPassar till fläskPassar till sällskapsdryckPassar till buffémat,ale,session ipa,5.121212121212121
131,crocodile glutenfri,,sverige,330.0,12.9,3.0,4.0,1.0,Passar till fiskPassar till skaldjurPassar till sällskapsdryckPassar till kryddstarkt,ljus lager,internationell stil,3.909090909090909
132,peroni nastro azzurro,,italien,330.0,17.1,5.0,5.0,1.0,Passar till fågelPassar till fiskPassar till buffématPassar till sällskapsdryck,ljus lager,internationell stil,5.1818181818181825
133,fraugruber,24/7,tyskland,330.0,24.9,7.0,6.0,1.0,Passar till fläskPassar till fågelPassar till lammPassar till sällskapsdryck,ljus lager,modern stil/india pale lager,7.545454545454546
134,norrlands ljus,ekologisk,sverige,330.0,10.9,4.0,4.0,1.0,Passar till fiskPassar till fågelPassar till fläskPassar till sällskapsdryck,ljus lager,internationell stil,3.3030303030303036
135,"arboga 7,3",,sverige,330.0,11.9,5.0,7.0,4.0,Passar till fågelPassar till fläskPassar till nöt,ljus lager,starkare lager,3.6060606060606064
136,oppigårds everyday,ipa,sverige,330.0,20.0,9.0,6.0,1.0,Passar till fläskPassar till buffématPassar till sällskapsdryckPassar till grönsaker,ale,session ipa,6.0606060606060606
137,omnipollo noa,pecan mud cake,sverige,330.0,49.9,6.0,10.0,9.0,Passar till dessertPassar till sällskapsdryck,imperial porter och stout,,15.121212121212121
138,brick field brown,,storbritannien,330.0,22.9,6.0,7.0,2.0,Passar till lammPassar till nötPassar till sällskapsdryck,ale,brown ale,6.939393939393939
139,nils oscar,god lager,sverige,330.0,19.9,7.0,5.0,2.0,Passar till buffématPassar till fiskPassar till sällskapsdryckPassar till grönsaker,ljus lager,dortmunder och helles,6.030303030303029
140,san miguel,,spanien,330.0,14.9,3.0,3.0,2.0,Passar till fiskPassar till skaldjurPassar till kryddstarktPassar till sällskapsdryck,ljus lager,internationell stil,4.515151515151515
141,"bellman 6,0",,,500.0,14.9,6.0,6.0,2.0,Passar till fågelPassar till fläskPassar till nötPassar till sällskapsdryck,ljus lager,starkare lager,2.98
142,pistonhead,haze lager,sverige,330.0,11.5,6.0,5.0,1.0,Passar till fågelPassar till fläskPassar till sällskapsdryckPassar till grönsaker,ljus lager,modern stil/india pale lager,3.4848484848484853
143,desperados,tequila flavoured beer,nederländerna,330.0,18.9,3.0,4.0,4.0,Passar till sällskapsdryck,annan öl,,5.727272727272727
144,guldkällan,,sverige,330.0,8.9,5.0,6.0,1.0,Passar till buffématPassar till fiskPassar till fläsk,ljus lager,internationell stil,2.696969696969697
145,oppigårds,indian tribute,sverige,330.0,24.0,8.0,6.0,4.0,Passar till fläskPassar till lammPassar till fiskPassar till sällskapsdryck,ale,india pale ale,7.2727272727272725
146,pistonhead,kustom lager,sverige,330.0,11.5,7.0,6.0,1.0,Passar till fågelPassar till fläskPassar till grönsakerPassar till sällskapsdryck,ljus lager,modern stil/india pale lager,3.4848484848484853
147,oktoberfestive,lager,tjeckien,500.0,21.9,6.0,6.0,2.0,Passar till sällskapsdryckPassar till fågelPassar till fläskPassar till grönsaker,ljus lager,pilsner,4.38
148,st eriks ipa,,sverige,330.0,19.9,9.0,7.0,1.0,Passar till fläskPassar till lammPassar till nötPassar till sällskapsdryck,ale,india pale ale,6.030303030303029
149,millennium,,,500.0,11.4,5.0,5.0,1.0,Passar till fiskPassar till fågelPassar till fläskPassar till sällskapsdryck,ljus lager,internationell stil,2.2800000000000002
150,carlsberg hof,organic,,500.0,15.6,4.0,4.0,1.0,Passar till fiskPassar till fläskPassar till buffématPassar till sällskapsdryck,ljus lager,internationell stil,3.1199999999999997
151,sälens fjällbryggeri,fjäll-dimma,sverige,330.0,26.9,6.0,7.0,3.0,Passar till fläskPassar till grönsakerPassar till lammPassar till sällskapsdryck,ale,new england ipa/hazy ipa,8.15151515151515
152,mariestads old ox,,sverige,500.0,18.9,6.0,7.0,2.0,Passar till sällskapsdryckPassar till fläsk,ljus lager,ljus bocköl,3.7800000000000002
153,guldkällan,,tyskland,330.0,9.9,5.0,6.0,1.0,Passar till buffématPassar till fiskPassar till sällskapsdryckPassar till fläsk,ljus lager,internationell stil,3.0000000000000004
154,gotlands bryggeri,wisby stout,sverige,330.0,22.9,7.0,7.0,1.0,Passar till lammPassar till nötPassar till sällskapsdryckPassar till vilt,torr porter och stout,,6.939393939393939
155,omnipollo levon,,belgien,750.0,59.9,7.0,7.0,2.0,Passar till fågelPassar till fläskPassar till sällskapsdryckPassar till grönsaker,ale,belgisk ljus ale,7.986666666666667
156,fem komma tvåan,,sverige,330.0,8.6,5.0,5.0,2.0,Passar till sällskapsdryckPassar till buffématPassar till fiskPassar till fågel,ljus lager,internationell stil,2.606060606060606
157,bryggmästarens,bästa ekologiska,sverige,500.0,14.9,5.0,5.0,1.0,Passar till fiskPassar till fågelPassar till fläskPassar till sällskapsdryck,ljus lager,modern stil/india pale lager,2.98
158,zeunerts höga kusten,,sverige,440.0,15.4,5.0,6.0,2.0,Passar till buffématPassar till fiskPassar till fläskPassar till sällskapsdryck,annan öl,öl av flera typer/stilar,3.5000000000000004
159,breznak,,tjeckien,330.0,10.9,6.0,6.0,2.0,Passar till sällskapsdryckPassar till fågelPassar till fläsk,ljus lager,pilsner,3.3030303030303036
160,arton56,,sverige,330.0,11.9,4.0,4.0,3.0,Passar till fiskPassar till kryddstarktPassar till fläskPassar till sällskapsdryck,ljus lager,internationell stil,3.6060606060606064
161,poppels bryggeri,double ipa,sverige,330.0,29.9,7.0,8.0,2.0,Passar till lammPassar till nötPassar till sällskapsdryck,ale,imperial/dubbel ipa,9.06060606060606
162,fuller's,london pride,storbritannien,330.0,17.9,6.0,7.0,2.0,Passar till fläskPassar till lammPassar till fiskPassar till sällskapsdryck,ale,engelsk pale ale och bitter,5.424242424242424
163,dugges stillwater artisanal,tropic thunder,sverige,330.0,32.0,2.0,4.0,1.0,Passar till aperitifPassar till sällskapsdryck,övrig syrlig öl,,9.696969696969697
164,fuller's esb,,storbritannien,330.0,20.9,7.0,7.0,3.0,Passar till fläskPassar till nötPassar till sällskapsdryckPassar till fisk,ale,extra special bitter,6.333333333333332
165,backyard brew,bomble bee 17,sverige,330.0,12.5,6.0,6.0,1.0,Passar till fiskPassar till fläskPassar till sällskapsdryckPassar till grönsaker,ljus lager,modern stil/india pale lager,3.787878787878788
166,mythos,lager,grekland,500.0,17.9,3.0,4.0,1.0,Passar till fiskPassar till fågelPassar till fläskPassar till sällskapsdryck,ljus lager,internationell stil,3.58
167,collective arts,stranger than fiction porter,kanada,473.0,29.9,6.0,8.0,2.0,Passar till lammPassar till nötPassar till sällskapsdryckPassar till vilt,torr porter och stout,,6.321353065539112
168,carnegie,"porter, 2017",sverige,330.0,17.9,7.0,7.0,2.0,Passar till fläskPassar till lammPassar till nötPassar till ost,torr porter och stout,,5.424242424242424
169,bernard,celebration lager,tjeckien,500.0,25.9,6.0,6.0,1.0,Passar till fågelPassar till fläskPassar till sällskapsdryck,ljus lager,pilsner,5.18
170,innis & gunn,gunnpowder ipa,storbritannien,330.0,17.9,4.0,5.0,3.0,Passar till fågelPassar till fläskPassar till sällskapsdryckPassar till grönsaker,ale,india pale ale,5.424242424242424
171,stockholm festival,,sverige,500.0,11.9,4.0,4.0,1.0,Passar till fiskPassar till fågelPassar till buffématPassar till sällskapsdryck,ljus lager,internationell stil,2.3800000000000003
172,stigbergets trouble sleep,,sverige,330.0,47.9,7.0,10.0,8.0,Passar till dessertPassar till sällskapsdryck,imperial porter och stout,,14.515151515151514
173,chimay blå,2019,belgien,330.0,33.9,6.0,9.0,5.0,Passar till nötPassar till ostPassar till sällskapsdryckPassar till vilt,ale,belgisk mörk ale,10.272727272727272
174,gotlands bryggeri,eko bulldog pale ale,sverige,330.0,20.9,7.0,6.0,2.0,Passar till fågelPassar till fläskPassar till grönsakerPassar till sällskapsdryck,ale,amerikansk pale ale,6.333333333333332
175,red stripe,,,330.0,13.9,3.0,3.0,2.0,Passar till sällskapsdryckPassar till fiskPassar till fågelPassar till kryddstarkt,ljus lager,internationell stil,4.212121212121212
176,dab,,tyskland,330.0,9.9,5.0,5.0,2.0,Passar till fiskPassar till fågelPassar till fläskPassar till sällskapsdryck,ljus lager,dortmunder och helles,3.0000000000000004
177,innis & gunn,caribbean rum cask,storbritannien,330.0,19.9,6.0,7.0,4.0,Passar till sällskapsdryckPassar till ost,ale,strong ale,6.030303030303029
178,three hearts,extra strong,sverige,500.0,14.9,6.0,7.0,3.0,Passar till lammPassar till fläskPassar till nötPassar till sällskapsdryck,ljus lager,starkare lager,2.98
179,svensk starköl,,sverige,330.0,8.9,5.0,5.0,1.0,Passar till buffématPassar till fiskPassar till fågelPassar till sällskapsdryck,ljus lager,internationell stil,2.696969696969697
180,pistonhead,flat tire,sverige,330.0,11.5,4.0,3.0,1.0,Passar till fläskPassar till fågelPassar till grönsakerPassar till sällskapsdryck,ljus lager,modern stil/india pale lager,3.4848484848484853
181,weihenstephaner,hefe weissbier,tyskland,500.0,23.9,2.0,6.0,2.0,Passar till grönsakerPassar till fläskPassar till kryddstarktPassar till sällskapsdryck,veteöl,hefeweizen,4.779999999999999
182,sofiero original,,sverige,330.0,8.9,4.0,4.0,1.0,Passar till sällskapsdryckPassar till fiskPassar till fläskPassar till fågel,ljus lager,internationell stil,2.696969696969697
183,stone,delicious ipa gluten free,usa,355.0,24.9,9.0,7.0,2.0,Passar till lammPassar till nötPassar till sällskapsdryck,ale,india pale ale,7.014084507042254
184,desperados,mojito,nederländerna,330.0,18.9,3.0,6.0,6.0,Passar till sällskapsdryck,annan öl,,5.727272727272727
185,timmermans,kriek lambicus,belgien,250.0,21.9,2.0,5.0,4.0,Passar till aperitifPassar till dessertPassar till sällskapsdryck,syrlig öl,frukt,8.76
186,paulaner oktoberfest,paulaner braueri gmbh & co,tyskland,500.0,23.9,5.0,5.0,1.0,Passar till fiskPassar till grönsakerPassar till fläskPassar till sällskapsdryck,ljus lager,dortmunder och helles,4.779999999999999
187,aldersbacher,kloster dunkel,tyskland,500.0,24.3,6.0,6.0,2.0,Passar till fläskPassar till lammPassar till nötPassar till sällskapsdryck,mörk lager,dunkel,4.86
188,gambrinus,,tjeckien,500.0,17.7,7.0,6.0,1.0,Passar till lammPassar till fågelPassar till fläskPassar till sällskapsdryck,ljus lager,pilsner,3.54
189,haandbryggeriet,mango hopshake,norge,440.0,34.9,8.0,7.0,2.0,Passar till sällskapsdryckPassar till lammPassar till nöt,ale,new england ipa/hazy ipa,7.931818181818182
190,staropramen dark,,tjeckien,330.0,17.8,6.0,7.0,2.0,Passar till lammPassar till fläskPassar till nötPassar till sällskapsdryck,mörk lager,dunkel,5.393939393939394
191,gotlands bryggeri,hazy bulldog apa,sverige,330.0,21.9,7.0,7.0,2.0,Passar till fågelPassar till fläskPassar till sällskapsdryckPassar till grönsaker,ale,amerikansk pale ale,6.636363636363636
192,störtebeker,bernstein weizen,tyskland,500.0,24.6,3.0,7.0,2.0,Passar till grönsakerPassar till kryddstarktPassar till fläskPassar till sällskapsdryck,veteöl,hefeweizen,4.92
193,ottakringer,helles,österrike,330.0,12.9,5.0,5.0,1.0,Passar till fiskPassar till fläskPassar till sällskapsdryckPassar till fågel,ljus lager,dortmunder och helles,3.909090909090909
194,roadie grapefruit radler,,usa,355.0,23.9,4.0,5.0,2.0,Passar till fågelPassar till fläskPassar till grönsakerPassar till sällskapsdryck,annan öl,,6.732394366197182
195,aecht schlenkerla rauchbier,,tyskland,500.0,26.9,5.0,7.0,2.0,Passar till lammPassar till nötPassar till sällskapsdryckPassar till vilt,annan öl,,5.38
196,special brew,"special brew 6,3%",sverige,330.0,10.4,5.0,6.0,2.0,Passar till fågelPassar till fläskPassar till lammPassar till nöt,ljus lager,starkare lager,3.151515151515152
197,praga silver,,tjeckien,500.0,14.9,6.0,6.0,1.0,Passar till fiskPassar till fågelPassar till fläskPassar till sällskapsdryck,ljus lager,pilsner,2.98
198,spaten münchen,,tyskland,500.0,20.0,5.0,6.0,1.0,Passar till grönsakerPassar till fläskPassar till fiskPassar till sällskapsdryck,ljus lager,dortmunder och helles,4.0
199,carlsberg sort guld,,,500.0,15.9,5.0,5.0,1.0,Passar till fiskPassar till fläskPassar till grönsakerPassar till sällskapsdryck,ljus lager,internationell stil,3.18
200,stone,go to india pale ale,usa,355.0,15.9,10.0,7.0,1.0,Passar till fläskPassar till nötPassar till sällskapsdryckPassar till grönsaker,ale,session ipa,4.47887323943662
201,bitburger,premium,tyskland,330.0,14.3,5.0,6.0,1.0,Passar till fiskPassar till grönsakerPassar till buffématPassar till sällskapsdryck,ljus lager,pilsner,4.333333333333334
202,innis & gunn,session ipa,storbritannien,330.0,14.9,9.0,7.0,3.0,Passar till fläskPassar till buffématPassar till sällskapsdryckPassar till grönsaker,ale,session ipa,4.515151515151515
203,brooklyn lager,,sverige,330.0,17.9,7.0,7.0,2.0,Passar till sällskapsdryckPassar till fläskPassar till lammPassar till nöt,ljus lager,modern stil/india pale lager,5.424242424242424
204,stockholm festival,,sverige,330.0,10.9,5.0,7.0,2.0,Passar till fågelPassar till fläskPassar till lammPassar till sällskapsdryck,ljus lager,starkare lager,3.3030303030303036
205,budvar,budejovicky,tjeckien,500.0,16.9,5.0,5.0,2.0,Passar till fiskPassar till fågelPassar till fläskPassar till sällskapsdryck,ljus lager,pilsner,3.38
206,daura damm,gluten-free,spanien,330.0,17.0,4.0,4.0,1.0,Passar till skaldjurPassar till kryddstarktPassar till fågelPassar till sällskapsdryck,ljus lager,internationell stil,5.151515151515151
207,lupulus brune,,belgien,330.0,32.9,6.0,8.0,2.0,Passar till lammPassar till nötPassar till vilt,ale,belgisk mörk ale,9.969696969696969
208,omaka,klunk,sverige,440.0,25.9,6.0,7.0,2.0,Passar till sällskapsdryckPassar till fläskPassar till fågelPassar till buffémat,ale,engelsk pale ale och bitter,5.886363636363636
209,weihenstephaner,festbier,tyskland,500.0,23.9,5.0,6.0,2.0,Passar till fiskPassar till grönsakerPassar till fläskPassar till sällskapsdryck,mellanmörk lager,märzen och wienerstil,4.779999999999999
210,norrlands guld,export,sverige,330.0,12.5,5.0,5.0,2.0,Passar till fiskPassar till fågelPassar till fläskPassar till sällskapsdryck,ljus lager,internationell stil,3.787878787878788
211,young's double chocolate stout,,storbritannien,330.0,19.9,7.0,9.0,2.0,Passar till lammPassar till nötPassar till sällskapsdryckPassar till vilt,torr porter och stout,,6.030303030303029
212,nya carnegiebryggeriet j.a.c.k.,session india pale ale,sverige,330.0,19.9,7.0,5.0,1.0,Passar till grönsakerPassar till fläskPassar till sällskapsdryckPassar till buffémat,ale,session ipa,6.030303030303029
213,guayabera,citra pale ale,usa,355.0,23.9,6.0,7.0,2.0,Passar till fläskPassar till lammPassar till sällskapsdryck,ale,amerikansk pale ale,6.732394366197182
214,hobgoblin,,storbritannien,500.0,24.9,6.0,7.0,1.0,Passar till nötPassar till lammPassar till sällskapsdryck,ale,extra special bitter,4.9799999999999995
215,budweiser,,,330.0,14.9,3.0,3.0,1.0,Passar till buffématPassar till kryddstarktPassar till sällskapsdryck,ljus lager,internationell stil,4.515151515151515
216,brooklyn spritz,,usa,355.0,23.9,7.0,5.0,3.0,Passar till aperitifPassar till sällskapsdryck,annan öl,,6.732394366197182
217,haze of the dead,destihl brewery,usa,473.0,34.9,8.0,9.0,3.0,Passar till lammPassar till nötPassar till sällskapsdryck,ale,imperial/dubbel ipa,7.378435517970401
218,virginia strawberry hefeweizen,lickinghole creek craft brewery,usa,473.0,32.8,3.0,6.0,2.0,Passar till sällskapsdryck,veteöl,hefeweizen,6.9344608879492595
219,westmalle extra,,belgien,330.0,24.9,6.0,6.0,2.0,Passar till fiskPassar till fågelPassar till grönsakerPassar till sällskapsdryck,ale,belgisk ljus ale,7.545454545454546
220,wieninger,maibock,tyskland,500.0,28.9,6.0,7.0,2.0,Passar till fläskPassar till lammPassar till sällskapsdryck,ljus lager,ljus bocköl,5.779999999999999
221,titan,,usa,355.0,27.9,8.0,8.0,2.0,Passar till lammPassar till nötPassar till sällskapsdryck,ale,india pale ale,7.859154929577464
222,tucher,helles hefe weizen,tyskland,500.0,29.9,3.0,5.0,2.0,Passar till fågelPassar till grönsakerPassar till kryddstarktPassar till ost,veteöl,hefeweizen,5.9799999999999995
223,train station brewery,jag är inte bitter,sverige,500.0,29.9,6.0,7.0,1.0,Passar till sällskapsdryckPassar till lammPassar till nöt,ale,engelsk pale ale och bitter,5.9799999999999995
224,mariestads,höstbrygd,sverige,500.0,21.0,6.0,6.0,2.0,Passar till fläskPassar till lammPassar till nötPassar till sällskapsdryck,mellanmörk lager,märzen och wienerstil,4.2
225,st feuillien,saison farmhouse ale,belgien,330.0,28.9,6.0,6.0,2.0,Passar till fågelPassar till fläskPassar till grönsaker,ale,saison,8.757575757575758
226,revolution,hazy hero,usa,355.0,26.9,8.0,8.0,2.0,Passar till lammPassar till nötPassar till sällskapsdryck,ale,imperial/dubbel ipa,7.577464788732394
227,stone,ipa,usa,355.0,25.9,9.0,7.0,2.0,Passar till lammPassar till nötPassar till sällskapsdryck,ale,india pale ale,7.295774647887324
228,negra modelo,,mexiko,355.0,17.0,5.0,5.0,3.0,Passar till fläskPassar till kryddstarktPassar till lammPassar till nöt,mellanmörk lager,märzen och wienerstil,4.788732394366197
229,arboga originalet,,sverige,330.0,10.9,5.0,5.0,1.0,Passar till fiskPassar till buffématPassar till grönsakerPassar till sällskapsdryck,ljus lager,dortmunder och helles,3.3030303030303036
230,raspberry milk stout,left hand brewing company,usa,355.0,29.9,5.0,8.0,2.0,Passar till sällskapsdryck,torr porter och stout,,8.422535211267606
231,zlatopramen,premium,tjeckien,500.0,17.6,7.0,7.0,2.0,Passar till lammPassar till fågelPassar till fläskPassar till sällskapsdryck,ljus lager,pilsner,3.52
232,antiek blonde super 5 ale,,belgien,330.0,24.9,4.0,6.0,3.0,Passar till fläskPassar till lammPassar till grönsakerPassar till sällskapsdryck,ale,belgisk ljus ale,7.545454545454546
233,poppels bryggeri,belgisk wit,sverige,330.0,20.0,2.0,3.0,1.0,Passar till fiskPassar till sällskapsdryckPassar till grönsakerPassar till kryddstarkt,veteöl,witbier,6.0606060606060606
234,dala,ipl,sverige,330.0,24.9,8.0,7.0,1.0,Passar till sällskapsdryckPassar till fågelPassar till fläskPassar till grönsaker,ljus lager,modern stil/india pale lager,7.545454545454546
235,åbro lejon,,sverige,330.0,10.9,6.0,6.0,1.0,Passar till buffématPassar till fågelPassar till fläskPassar till sällskapsdryck,ljus lager,internationell stil,3.3030303030303036
236,åbro original,starköl,sverige,330.0,9.4,5.0,5.0,2.0,Passar till fiskPassar till fågelPassar till fläskPassar till grönsaker,ljus lager,internationell stil,2.8484848484848486
237,cirrus,the cloudy lager,sverige,330.0,13.9,5.0,5.0,1.0,Passar till fiskPassar till grönsakerPassar till fläskPassar till sällskapsdryck,ljus lager,modern stil/india pale lager,4.212121212121212
238,åbro export,,sverige,330.0,9.9,5.0,5.0,2.0,Passar till fiskPassar till buffématPassar till grönsakerPassar till sällskapsdryck,ljus lager,dortmunder och helles,3.0000000000000004
239,göteborgs nya,starkpilsner,sverige,330.0,19.0,6.0,6.0,1.0,Passar till fläskPassar till lammPassar till sällskapsdryck,ljus lager,internationell stil,5.757575757575758
240,lagunitas,daytime ipa,,355.0,16.9,7.0,5.0,1.0,Passar till grönsakerPassar till fläskPassar till sällskapsdryckPassar till buffémat,ale,session ipa,4.76056338028169
241,poppels bryggeri,sour fruit ale strawberry,sverige,330.0,26.9,1.0,4.0,1.0,Passar till aperitifPassar till sällskapsdryck,syrlig öl,berliner weisse,8.15151515151515
242,xx-bitter,,belgien,330.0,28.9,8.0,7.0,2.0,Passar till lammPassar till nötPassar till sällskapsdryck,ale,belgisk ljus ale,8.757575757575758
243,crocodile lager,,sverige,500.0,11.9,5.0,5.0,1.0,Passar till buffématPassar till fiskPassar till fågelPassar till sällskapsdryck,ljus lager,internationell stil,2.3800000000000003
244,arboga originalet,,sverige,500.0,14.9,5.0,5.0,1.0,Passar till fiskPassar till fläskPassar till grönsakerPassar till sällskapsdryck,ljus lager,dortmunder och helles,2.98
245,sierra nevada,hoptimum,usa,355.0,39.9,10.0,9.0,6.0,Passar till lammPassar till nötPassar till viltPassar till sällskapsdryck,ale,imperial/dubbel ipa,11.23943661971831
246,falcon export,,sverige,500.0,14.5,5.0,5.0,1.0,Passar till fiskPassar till fläskPassar till kryddstarktPassar till sällskapsdryck,ljus lager,internationell stil,2.9000000000000004
247,gotlands bryggeri,wisby lager,sverige,330.0,17.9,5.0,5.0,1.0,Passar till fågelPassar till fläskPassar till grönsakerPassar till sällskapsdryck,ljus lager,modern stil/india pale lager,5.424242424242424
248,1664,,,330.0,14.2,3.0,4.0,1.0,Passar till asiatisktPassar till fiskPassar till fläskPassar till kryddstarkt,ljus lager,internationell stil,4.303030303030303
249,oceanbryggeriet,västkust,sverige,330.0,23.9,8.0,6.0,1.0,Passar till fläskPassar till grönsakerPassar till fågelPassar till sällskapsdryck,ale,amerikansk pale ale,7.242424242424242
250,shapeshifter,west coast ipa,storbritannien,330.0,19.9,9.0,7.0,1.0,Passar till lammPassar till nötPassar till sällskapsdryck,ale,india pale ale,6.030303030303029
251,landsort lager,,sverige,500.0,29.3,7.0,6.0,2.0,Passar till fiskPassar till grönsakerPassar till buffématPassar till sällskapsdryck,ljus lager,dortmunder och helles,5.86
252,singha,,thailand,330.0,15.9,4.0,4.0,2.0,Passar till asiatisktPassar till fågelPassar till fiskPassar till sällskapsdryck,ljus lager,internationell stil,4.818181818181818
253,beerbliotek,a moment of clarity,sverige,330.0,24.9,7.0,6.0,1.0,Passar till fågelPassar till buffématPassar till sällskapsdryckPassar till grönsaker,ale,session ipa,7.545454545454546
254,tail of a whale,,sverige,330.0,15.9,8.0,6.0,1.0,Passar till fågelPassar till fläskPassar till sällskapsdryckPassar till grönsaker,veteöl,övrig veteöl,4.818181818181818
255,faxe premium,,danmark,330.0,11.9,5.0,5.0,2.0,Passar till fiskPassar till grönsakerPassar till sällskapsdryckPassar till skaldjur,ljus lager,internationell stil,3.6060606060606064
256,kukko,helles,finland,330.0,11.9,7.0,6.0,1.0,Passar till fiskPassar till grönsakerPassar till buffématPassar till sällskapsdryck,ljus lager,dortmunder och helles,3.6060606060606064
257,gregorius,brauerei stift engelszell,österrike,330.0,39.9,5.0,9.0,5.0,Passar till lammPassar till nötPassar till ostPassar till vilt,ale,abt och kvadrupel,12.090909090909092
258,gotlands bryggeri,wisby klosteröl,sverige,330.0,19.9,6.0,6.0,2.0,Passar till fiskPassar till grönsakerPassar till fläskPassar till sällskapsdryck,ale,belgisk ljus ale,6.030303030303029
259,krusovice,imperial,tjeckien,500.0,16.9,6.0,6.0,1.0,Passar till fiskPassar till fågelPassar till fläskPassar till sällskapsdryck,ljus lager,pilsner,3.38
260,fuller's,london porter,storbritannien,500.0,23.9,6.0,6.0,1.0,Passar till sällskapsdryckPassar till lammPassar till nötPassar till skaldjur,torr porter och stout,,4.779999999999999
261,modus hoperandi,india pale ale,usa,355.0,26.9,9.0,8.0,3.0,Passar till nötPassar till sällskapsdryckPassar till fläskPassar till lamm,ale,india pale ale,7.577464788732394
262,nääs,eko ale,sverige,330.0,19.9,6.0,6.0,1.0,Passar till nötPassar till lammPassar till fläskPassar till sällskapsdryck,ale,extra special bitter,6.030303030303029
263,karmentinus,weizen doppelbock,tyskland,500.0,32.9,4.0,6.0,4.0,Passar till fiskPassar till fläskPassar till grönsakerPassar till kryddstarkt,veteöl,weizenbock,6.58
264,tuborg guld,,sverige,330.0,9.5,4.0,4.0,1.0,Passar till fiskPassar till fågelPassar till skaldjurPassar till sällskapsdryck,ljus lager,internationell stil,2.878787878787879
265,celia,organic glutenfree lager,tjeckien,330.0,17.0,5.0,5.0,2.0,Passar till fågelPassar till fläskPassar till lammPassar till sällskapsdryck,ljus lager,pilsner,5.151515151515151
266,oppigårds,thurbo double ipa,sverige,330.0,30.0,9.0,8.0,2.0,Passar till lammPassar till nötPassar till sällskapsdryckPassar till fläsk,ale,imperial/dubbel ipa,9.090909090909092
267,omnipollo,fatamorgana,sverige,330.0,36.9,7.0,7.0,2.0,Passar till lammPassar till fläskPassar till sällskapsdryckPassar till fågel,ale,imperial/dubbel ipa,11.181818181818182
268,nordliga sarek,,sverige,500.0,11.9,5.0,6.0,1.0,Passar till fiskPassar till fläskPassar till buffématPassar till sällskapsdryck,ljus lager,internationell stil,2.3800000000000003
269,dab,,tyskland,500.0,13.9,5.0,5.0,2.0,Passar till fiskPassar till grönsakerPassar till buffématPassar till sällskapsdryck,ljus lager,dortmunder och helles,2.7800000000000002
270,jever pilsener,,tyskland,330.0,11.9,7.0,6.0,1.0,Passar till fläskPassar till lammPassar till nötPassar till sällskapsdryck,ljus lager,pilsner,3.6060606060606064
271,kilkenny,,irland,330.0,16.9,7.0,5.0,1.0,Passar till fågelPassar till fläskPassar till lammPassar till sällskapsdryck,ale,irländsk ale,5.121212121212121
272,eastside,abra cadabra session ipa,italien,330.0,28.9,7.0,6.0,2.0,Passar till sällskapsdryckPassar till fiskPassar till fågelPassar till fläsk,ale,session ipa,8.757575757575758
273,zeunerts höga kusten,,sverige,500.0,16.9,6.0,6.0,2.0,Passar till buffématPassar till fågelPassar till fläskPassar till sällskapsdryck,annan öl,öl av flera typer/stilar,3.38
274,löwenbräu,,tyskland,500.0,14.9,5.0,5.0,1.0,Passar till fiskPassar till buffématPassar till grönsakerPassar till sällskapsdryck,ljus lager,dortmunder och helles,2.98
275,poppels bryggeri,new england ipa,sverige,330.0,27.7,8.0,7.0,2.0,Passar till lammPassar till nötPassar till sällskapsdryck,ale,new england ipa/hazy ipa,8.393939393939394
276,duvel,,belgien,330.0,27.9,6.0,8.0,2.0,Passar till fläskPassar till grönsakerPassar till ostPassar till sällskapsdryck,ale,belgisk ljus ale,8.454545454545453
277,zeunerts original,,sverige,330.0,9.4,5.0,5.0,1.0,Passar till fågelPassar till buffématPassar till fiskPassar till sällskapsdryck,ljus lager,internationell stil,2.8484848484848486
278,bavaria premium,gluten free,nederländerna,500.0,16.9,5.0,6.0,1.0,Passar till fiskPassar till fågelPassar till fläskPassar till sällskapsdryck,ljus lager,internationell stil,3.38
279,oppigårds,thurbo stout,sverige,330.0,33.0,7.0,8.0,2.0,Passar till lammPassar till nötPassar till viltPassar till sällskapsdryck,imperial porter och stout,,10.0
280,faith,,storbritannien,440.0,24.9,7.0,6.0,2.0,Passar till lammPassar till nötPassar till sällskapsdryck,ale,session ipa,5.659090909090909
281,poppels bryggeri,west coast ipa,sverige,330.0,24.9,8.0,7.0,2.0,Passar till lammPassar till nötPassar till sällskapsdryckPassar till fläsk,ale,india pale ale,7.545454545454546
282,nils oscar india ale,glutenfri,sverige,330.0,19.9,7.0,7.0,1.0,Passar till sällskapsdryckPassar till fågelPassar till fläskPassar till lamm,ale,india pale ale,6.030303030303029
283,brekeriet beer,tistron,sverige,330.0,29.9,3.0,5.0,1.0,Passar till sällskapsdryckPassar till aperitif,övrig syrlig öl,,9.06060606060606
284,roman lager,,belgien,250.0,12.9,5.0,5.0,2.0,Passar till fiskPassar till sällskapsdryckPassar till fläskPassar till grönsaker,ljus lager,pilsner,5.16
285,pango ipa,brewski,sverige,330.0,32.9,7.0,6.0,2.0,Passar till lammPassar till nötPassar till sällskapsdryck,ale,india pale ale,9.969696969696969
286,holba,serak,tjeckien,330.0,9.9,5.0,5.0,2.0,Passar till fågelPassar till fläskPassar till sällskapsdryck,ljus lager,pilsner,3.0000000000000004
287,bryggmästarens,premium gold,sverige,500.0,15.9,6.0,6.0,1.0,Passar till buffématPassar till grönsakerPassar till sällskapsdryckPassar till fisk,ljus lager,dortmunder och helles,3.18
288,brooklyn local 1,,usa,750.0,99.0,4.0,8.0,2.0,Passar till grönsakerPassar till fläskPassar till ostPassar till sällskapsdryck,ale,belgisk ljus ale,13.200000000000001
289,stoodley stout,,storbritannien,330.0,23.9,6.0,5.0,1.0,Passar till lammPassar till nötPassar till skaldjurPassar till sällskapsdryck,torr porter och stout,,7.242424242424242
290,bedarö bitter,,sverige,500.0,28.9,7.0,6.0,1.0,Passar till fläskPassar till fiskPassar till sällskapsdryckPassar till fågel,ale,engelsk pale ale och bitter,5.779999999999999
291,hofbräu münchen original,,tyskland,500.0,20.9,6.0,5.0,1.0,Passar till fiskPassar till fågelPassar till fläskPassar till sällskapsdryck,ljus lager,dortmunder och helles,4.18
292,st eriks rabarber sur,,sverige,330.0,22.9,1.0,4.0,2.0,Passar till sällskapsdryckPassar till aperitif,övrig syrlig öl,,6.939393939393939
293,"mikkeller peter, pale and mary",gluten free,,330.0,26.9,8.0,6.0,1.0,Passar till fågelPassar till fläskPassar till grönsakerPassar till sällskapsdryck,ale,amerikansk pale ale,8.15151515151515
294,canediguerra,saison,italien,330.0,28.8,5.0,6.0,2.0,Passar till fågelPassar till fläskPassar till grönsakerPassar till sällskapsdryck,ale,saison,8.727272727272728
295,nickelbrook,zap sour ipa,kanada,355.0,29.9,5.0,5.0,1.0,Passar till sällskapsdryck,övrig syrlig öl,,8.422535211267606
296,kaiserdom,hefe-weissbier,tyskland,500.0,21.9,2.0,5.0,2.0,Passar till fiskPassar till grönsakerPassar till sällskapsdryckPassar till kryddstarkt,veteöl,hefeweizen,4.38
297,blågul,,sverige,500.0,11.9,4.0,4.0,2.0,Passar till fiskPassar till fläskPassar till buffématPassar till sällskapsdryck,ljus lager,internationell stil,2.3800000000000003
298,smith street,ipa olof,sverige,440.0,44.0,8.0,8.0,2.0,Passar till lammPassar till nötPassar till sällskapsdryck,ale,india pale ale,10.0
299,oppigårds,hedemora porter,sverige,330.0,23.0,7.0,7.0,1.0,Passar till nötPassar till lammPassar till viltPassar till sällskapsdryck,torr porter och stout,,6.969696969696971
300,stigbergets,new & improved india pale ale,sverige,440.0,43.9,9.0,8.0,3.0,Passar till lammPassar till nötPassar till sällskapsdryck,ale,new england ipa/hazy ipa,9.977272727272727
301,heavy seas,tropicannon,usa,355.0,27.9,7.0,7.0,2.0,Passar till sällskapsdryck,ale,india pale ale,7.859154929577464
302,grebbestad,american pale ale,sverige,330.0,22.8,7.0,6.0,2.0,Passar till fågelPassar till fläskPassar till lammPassar till sällskapsdryck,ale,amerikansk pale ale,6.909090909090909
303,heineken,,nederländerna,330.0,13.9,5.0,5.0,1.0,Passar till fiskPassar till fågelPassar till grönsakerPassar till sällskapsdryck,ljus lager,internationell stil,4.212121212121212
304,rodenbach alexander,,belgien,750.0,99.0,2.0,6.0,5.0,Passar till aperitifPassar till sällskapsdryck,syrlig öl,flamländsk röd och brun öl,13.200000000000001
305,pilsner urquell,,tjeckien,500.0,18.5,6.0,6.0,1.0,Passar till lammPassar till fläskPassar till fågelPassar till sällskapsdryck,ljus lager,pilsner,3.6999999999999997
306,carlsberg export,,,330.0,11.9,5.0,6.0,1.0,Passar till fiskPassar till buffématPassar till fläskPassar till sällskapsdryck,ljus lager,internationell stil,3.6060606060606064
307,hohenthanner,kellerbier hell,tyskland,500.0,24.3,4.0,6.0,1.0,Passar till fiskPassar till fågelPassar till fläskPassar till sällskapsdryck,ljus lager,zwickel,4.86
308,melleruds,utmärkta pilsner,sverige,440.0,17.9,6.0,6.0,1.0,Passar till fläskPassar till fiskPassar till buffématPassar till sällskapsdryck,ljus lager,pilsner,4.068181818181818
309,leffe,brune,belgien,750.0,49.9,4.0,7.0,4.0,Passar till lammPassar till nötPassar till sällskapsdryck,ale,belgisk mörk ale,6.653333333333333
310,buxton,trolltunga gooseberry sour ipa,storbritannien,330.0,29.9,5.0,6.0,2.0,Passar till sällskapsdryckPassar till fågelPassar till fläsk,ale,india pale ale,9.06060606060606
311,singha,,thailand,330.0,14.9,4.0,4.0,2.0,Passar till asiatisktPassar till fågelPassar till fiskPassar till sällskapsdryck,ljus lager,internationell stil,4.515151515151515
312,allagash white,,usa,355.0,25.9,3.0,5.0,2.0,Passar till kryddstarktPassar till grönsakerPassar till sällskapsdryckPassar till fågel,veteöl,witbier,7.295774647887324
313,åbro original,extra stark,sverige,330.0,12.9,5.0,7.0,3.0,Passar till fläskPassar till lammPassar till sällskapsdryck,ljus lager,starkare lager,3.909090909090909
314,dansk fadøl,,sverige,330.0,8.9,5.0,5.0,1.0,Passar till fiskPassar till fläskPassar till buffématPassar till sällskapsdryck,ljus lager,internationell stil,2.696969696969697
315,bernard,bohemian lager,tjeckien,500.0,22.9,7.0,6.0,1.0,Passar till sällskapsdryckPassar till fågelPassar till fläskPassar till lamm,ljus lager,pilsner,4.58
316,ballast point,sculpin ipa,usa,355.0,26.9,9.0,7.0,2.0,Passar till sällskapsdryckPassar till lammPassar till nötPassar till fläsk,ale,india pale ale,7.577464788732394
317,odd island brewing,västkustpilsner,sverige,330.0,21.9,6.0,5.0,1.0,Passar till fiskPassar till skaldjurPassar till sällskapsdryckPassar till grönsaker,ljus lager,pilsner,6.636363636363636
318,paulaner,münchner hell,tyskland,500.0,16.9,6.0,6.0,1.0,Passar till fiskPassar till buffématPassar till grönsakerPassar till sällskapsdryck,ljus lager,dortmunder och helles,3.38
319,birra moretti,,italien,330.0,15.9,4.0,4.0,1.0,Passar till fiskPassar till fågelPassar till sällskapsdryckPassar till fläsk,ljus lager,internationell stil,4.818181818181818
320,sol,,,330.0,14.9,2.0,3.0,1.0,Passar till sällskapsdryckPassar till kryddstarkt,ljus lager,internationell stil,4.515151515151515
321,poppels bryggeri,russian imperial stout,sverige,330.0,34.9,7.0,7.0,5.0,Passar till nötPassar till viltPassar till lammPassar till sällskapsdryck,imperial porter och stout,,10.575757575757576
322,limfjordsporter,,danmark,330.0,32.9,8.0,9.0,2.0,Passar till lammPassar till nötPassar till viltPassar till sällskapsdryck,imperial porter och stout,,9.969696969696969
323,how to tear down this wall,raspberry,sverige,330.0,24.9,2.0,4.0,1.0,Passar till aperitifPassar till sällskapsdryck,syrlig öl,berliner weisse,7.545454545454546
324,timmermans,faro,belgien,375.0,42.9,5.0,8.0,8.0,Passar till sällskapsdryckPassar till ost,syrlig öl,faro,11.44
325,bitburger,premium pils,tyskland,500.0,15.9,5.0,5.0,1.0,Passar till fågelPassar till fläskPassar till fiskPassar till sällskapsdryck,ljus lager,pilsner,3.18
326,zoller hof export,festbier,tyskland,500.0,22.5,5.0,5.0,1.0,Passar till fiskPassar till grönsakerPassar till fläskPassar till sällskapsdryck,ljus lager,dortmunder och helles,4.5
327,brew by numbers,no42 ddh pale ale,storbritannien,440.0,42.9,5.0,6.0,3.0,Passar till sällskapsdryckPassar till grönsakerPassar till fläskPassar till fågel,ale,amerikansk pale ale,9.75
328,arboga mörk lager,,sverige,330.0,12.9,6.0,7.0,2.0,Passar till fläskPassar till lammPassar till nötPassar till sällskapsdryck,mörk lager,dunkel,3.909090909090909
329,schneider weisse,meine festweisse tap 4,tyskland,500.0,25.9,3.0,7.0,2.0,Passar till fläskPassar till grönsakerPassar till kryddstarktPassar till sällskapsdryck,veteöl,hefeweizen,5.18
330,innis & gunn,irish whiskey cask,storbritannien,330.0,24.9,6.0,7.0,6.0,Passar till nötPassar till viltPassar till sällskapsdryck,söt porter och stout,,7.545454545454546
331,harviestoun brewery,ola dubh special 12 reserve highland park whisky casks,storbritannien,330.0,44.9,8.0,8.0,3.0,Passar till sällskapsdryck,imperial porter och stout,,13.606060606060606
332,asahi,super dry,,330.0,16.9,3.0,4.0,1.0,Passar till asiatisktPassar till fiskPassar till fågelPassar till fläsk,ljus lager,internationell stil,5.121212121212121
333,paulaner,hefe-weissbier,tyskland,500.0,23.9,3.0,5.0,1.0,Passar till buffématPassar till grönsakerPassar till kryddstarktPassar till sällskapsdryck,veteöl,hefeweizen,4.779999999999999
334,rodenbach,grand cru,belgien,750.0,99.0,3.0,7.0,3.0,Passar till fågelPassar till fläskPassar till ost,syrlig öl,flamländsk röd och brun öl,13.200000000000001
335,östersunds nya ångbryggeri sommarvete,östersundsbryggerier,sverige,330.0,21.9,2.0,5.0,2.0,Passar till ostPassar till kryddstarktPassar till fågelPassar till grönsaker,veteöl,hefeweizen,6.636363636363636
336,tt,pilsner,sverige,500.0,12.9,4.0,4.0,2.0,Passar till fiskPassar till fågelPassar till fläskPassar till sällskapsdryck,ljus lager,internationell stil,2.58
337,founders,all day india pale ale,usa,355.0,17.9,8.0,6.0,1.0,Passar till sällskapsdryckPassar till fläskPassar till buffématPassar till grönsaker,ale,session ipa,5.04225352112676
338,adnams,southwold bitter,storbritannien,500.0,19.9,7.0,7.0,2.0,Passar till lammPassar till nötPassar till sällskapsdryck,ale,engelsk pale ale och bitter,3.9799999999999995
339,oppigårds,single hop ale,sverige,330.0,20.0,7.0,6.0,1.0,Passar till fiskPassar till grönsakerPassar till fläskPassar till sällskapsdryck,ale,golden/blond ale,6.0606060606060606
340,samuel smith's,imperial stout,storbritannien,355.0,25.9,6.0,8.0,4.0,Passar till lammPassar till nötPassar till viltPassar till sällskapsdryck,imperial porter och stout,,7.295774647887324
341,saison,bocq,belgien,750.0,59.9,3.0,6.0,2.0,Passar till grönsakerPassar till ostPassar till fläskPassar till sällskapsdryck,ale,saison,7.986666666666667
342,pripps blå,,sverige,330.0,9.5,5.0,5.0,2.0,Passar till fiskPassar till fågelPassar till buffématPassar till sällskapsdryck,ljus lager,internationell stil,2.878787878787879
343,sakiškiu alus,bready rye ale,litauen,330.0,24.9,6.0,7.0,1.0,Passar till sällskapsdryckPassar till fläskPassar till lammPassar till nöt,ale,brown ale,7.545454545454546
344,ruby mild,,storbritannien,500.0,25.5,4.0,6.0,1.0,Passar till fågelPassar till fläskPassar till sällskapsdryck,ale,mild,5.1
345,three hearts,premium lager,sverige,500.0,10.9,5.0,5.0,1.0,Passar till fiskPassar till fågelPassar till sällskapsdryckPassar till buffémat,ljus lager,internationell stil,2.18
346,hale to nothing,,sverige,330.0,15.9,7.0,6.0,2.0,Passar till grönsakerPassar till fläskPassar till fiskPassar till sällskapsdryck,ale,golden/blond ale,4.818181818181818
347,carlsberg export,,,500.0,14.5,5.0,6.0,1.0,Passar till fiskPassar till buffématPassar till fläskPassar till sällskapsdryck,ljus lager,internationell stil,2.9000000000000004
348,new york lager,nørrebro bryghus,danmark,330.0,22.9,6.0,6.0,2.0,Passar till fläskPassar till lammPassar till sällskapsdryckPassar till grönsaker,ljus lager,modern stil/india pale lager,6.939393939393939
349,fursty ferret,,storbritannien,500.0,25.9,6.0,6.0,1.0,Passar till sällskapsdryckPassar till lammPassar till grönsakerPassar till nöt,ale,engelsk pale ale och bitter,5.18
350,lapin kulta,,finland,500.0,14.5,5.0,5.0,1.0,Passar till fågelPassar till fläskPassar till buffématPassar till sällskapsdryck,ljus lager,internationell stil,2.9000000000000004
351,electric nurse,pale ale,sverige,330.0,23.5,6.0,6.0,1.0,Passar till fläskPassar till grönsakerPassar till buffématPassar till sällskapsdryck,ale,amerikansk pale ale,7.121212121212121
352,timmermans,peach,belgien,250.0,21.9,2.0,5.0,3.0,Passar till sällskapsdryck,syrlig öl,frukt,8.76
353,hops district pilsner,,danmark,330.0,10.0,5.0,5.0,1.0,Passar till fågelPassar till fiskPassar till skaldjurPassar till sällskapsdryck,ljus lager,pilsner,3.0303030303030303
354,harpoon ipa,,usa,568.0,47.9,7.0,7.0,2.0,Passar till lammPassar till nötPassar till sällskapsdryck,ale,india pale ale,8.433098591549296
355,samuel adams,boston lager,usa,355.0,18.9,7.0,7.0,2.0,Passar till fågelPassar till lammPassar till nötPassar till sällskapsdryck,mellanmörk lager,märzen och wienerstil,5.32394366197183
356,sigtuna organic ale,,sverige,330.0,18.9,7.0,7.0,1.0,Passar till fläskPassar till grönsakerPassar till fågelPassar till sällskapsdryck,ale,amerikansk pale ale,5.727272727272727
357,king goblin,wychwood brewery,storbritannien,500.0,26.9,7.0,6.0,2.0,Passar till fläskPassar till lammPassar till nötPassar till sällskapsdryck,ale,strong ale,5.38
358,jämtlands,jubileums ipa,sverige,330.0,29.9,7.0,6.0,2.0,Passar till sällskapsdryckPassar till fläskPassar till nöt,ale,india pale ale,9.06060606060606
359,sigtuna organic ale,,sverige,330.0,18.9,7.0,7.0,1.0,Passar till fläskPassar till grönsakerPassar till fågelPassar till sällskapsdryck,ale,amerikansk pale ale,5.727272727272727
360,arte in lattina,birra menabrea,italien,330.0,15.9,5.0,5.0,1.0,Passar till fiskPassar till fågelPassar till fläskPassar till sällskapsdryck,ljus lager,internationell stil,4.818181818181818
361,super bock,,portugal,330.0,12.9,5.0,5.0,2.0,Passar till fågelPassar till buffématPassar till sällskapsdryckPassar till fisk,ljus lager,internationell stil,3.909090909090909
362,jämtlands,påskebrygd,sverige,330.0,21.8,6.0,6.0,2.0,Passar till sällskapsdryckPassar till lammPassar till nötPassar till grönsaker,ale,brown ale,6.606060606060607
363,dugges stillwater artisanal,mango mango mango,sverige,330.0,32.0,2.0,5.0,1.0,Passar till aperitifPassar till sällskapsdryck,övrig syrlig öl,,9.696969696969697
364,cerveza,victoria,spanien,330.0,13.9,4.0,4.0,1.0,Passar till skaldjurPassar till fiskPassar till sällskapsdryckPassar till kryddstarkt,ljus lager,internationell stil,4.212121212121212
365,samuel adams,boston ale,sverige,330.0,18.9,7.0,6.0,2.0,Passar till fläskPassar till lammPassar till nötPassar till sällskapsdryck,ale,amber ale,5.727272727272727
366,sour ipa,,usa,355.0,31.9,3.0,6.0,2.0,Passar till sällskapsdryckPassar till aperitif,övrig syrlig öl,,8.985915492957746
367,gotlands bryggeri,wisby weisse,sverige,500.0,24.9,2.0,3.0,2.0,Passar till asiatisktPassar till buffématPassar till fiskPassar till kryddstarkt,veteöl,hefeweizen,4.9799999999999995
368,purity,pure gold,storbritannien,330.0,20.5,7.0,6.0,1.0,Passar till fågelPassar till fläskPassar till sällskapsdryck,ale,golden/blond ale,6.212121212121212
369,founders,kbs,usa,355.0,69.9,6.0,10.0,6.0,Passar till sällskapsdryckPassar till dessert,imperial porter och stout,,19.690140845070424
370,rochefort,triple extra,belgien,330.0,34.9,6.0,8.0,3.0,Passar till sällskapsdryckPassar till fläskPassar till lammPassar till ost,ale,trippel,10.575757575757576
371,gipsy hill,sun seeker,storbritannien,440.0,42.9,7.0,6.0,3.0,Passar till fågelPassar till fläskPassar till sällskapsdryck,ale,amerikansk pale ale,9.75
372,cats eye,mild,storbritannien,500.0,25.9,4.0,6.0,1.0,Passar till fågelPassar till fläskPassar till grönsakerPassar till sällskapsdryck,ale,mild,5.18
373,fierce beer,day shift,storbritannien,440.0,37.9,5.0,6.0,2.0,Passar till fågelPassar till fläskPassar till grönsakerPassar till sällskapsdryck,ale,amerikansk pale ale,8.613636363636363
374,clown shoes,bubble farm,usa,568.0,46.9,7.0,7.0,2.0,Passar till fläskPassar till lammPassar till sällskapsdryck,ale,india pale ale,8.257042253521126
375,dugges,all the way session ipa,sverige,330.0,25.0,9.0,6.0,1.0,Passar till fågelPassar till nötPassar till sällskapsdryckPassar till fläsk,ale,session ipa,7.575757575757576
376,norrlands guld,export,sverige,330.0,12.5,5.0,5.0,2.0,Passar till fiskPassar till fågelPassar till fläskPassar till sällskapsdryck,ljus lager,internationell stil,3.787878787878788
377,urban fog,brewdog,storbritannien,440.0,39.9,7.0,7.0,2.0,Passar till sällskapsdryckPassar till fågelPassar till fläsk,ale,new england ipa/hazy ipa,9.068181818181818
378,rådanäs ipa,glutenfri,sverige,330.0,29.9,7.0,7.0,1.0,Passar till lammPassar till nötPassar till sällskapsdryck,ale,india pale ale,9.06060606060606
379,estrella damm,,spanien,330.0,17.0,3.0,3.0,1.0,Passar till fågelPassar till fiskPassar till kryddstarktPassar till sällskapsdryck,ljus lager,internationell stil,5.151515151515151
380,stone,viking space probe dipa,usa,355.0,34.9,10.0,8.0,5.0,Passar till lammPassar till nötPassar till sällskapsdryckPassar till vilt,ale,imperial/dubbel ipa,9.830985915492956
381,cuvée des jacobins,brouwerij bockor,belgien,330.0,33.9,2.0,6.0,2.0,Passar till aperitifPassar till sällskapsdryck,syrlig öl,flamländsk röd och brun öl,10.272727272727272
382,margarita gose,,usa,355.0,24.9,2.0,4.0,1.0,Passar till aperitifPassar till sällskapsdryckPassar till fiskPassar till skaldjur,syrlig öl,gose och lichtenhainer,7.014084507042254
383,nya carnegiebryggeriet,kellerbier,sverige,330.0,20.9,5.0,5.0,1.0,Passar till buffématPassar till fläskPassar till grönsakerPassar till sällskapsdryck,ljus lager,zwickel,6.333333333333332
384,jämtlands bärnsten,ljus lager,sverige,330.0,20.9,7.0,6.0,1.0,Passar till lammPassar till fläskPassar till nötPassar till sällskapsdryck,mellanmörk lager,märzen och wienerstil,6.333333333333332
385,norrlands guld,export,sverige,500.0,13.5,5.0,5.0,2.0,Passar till fiskPassar till fågelPassar till buffématPassar till sällskapsdryck,ljus lager,internationell stil,2.7
386,beerbliotek & six degrees north,better late than never,sverige,330.0,30.9,8.0,7.0,1.0,Passar till fläskPassar till lammPassar till sällskapsdryck,ale,new england ipa/hazy ipa,9.363636363636363
387,svart,,sverige,330.0,21.0,9.0,7.0,1.0,Passar till nötPassar till sällskapsdryckPassar till vilt,torr porter och stout,,6.363636363636363
388,birrificio dei castelli suave,,italien,750.0,67.0,3.0,5.0,1.0,Passar till fiskPassar till fläskPassar till kryddstarktPassar till grönsaker,veteöl,witbier,8.933333333333334
389,semedorato,premium,italien,660.0,27.9,5.0,5.0,1.0,Passar till fiskPassar till fågelPassar till fläskPassar till sällskapsdryck,ljus lager,pilsner,4.227272727272727
390,untitled art,ddh pale ale,usa,475.0,49.9,7.0,7.0,3.0,Passar till lammPassar till fläskPassar till sällskapsdryck,ale,india pale ale,10.505263157894737
391,dalabryggeri,ljus lager,sverige,330.0,16.9,7.0,5.0,2.0,Passar till fågelPassar till fläskPassar till sällskapsdryck,,,5.121212121212121
392,captain lawrence,golden ale,usa,355.0,24.9,6.0,7.0,2.0,Passar till lammPassar till nötPassar till sällskapsdryck,ale,golden/blond ale,7.014084507042254
393,brunehaut,blanche,belgien,330.0,28.9,4.0,5.0,1.0,Passar till fiskPassar till fågelPassar till kryddstarktPassar till sällskapsdryck,veteöl,witbier,8.757575757575758
394,rudgate,battle axe,storbritannien,500.0,26.5,6.0,5.0,2.0,Passar till lammPassar till nötPassar till sällskapsdryck,ale,engelsk pale ale och bitter,5.3
395,modern times,fruitlands,usa,473.0,38.0,2.0,6.0,1.0,Passar till aperitifPassar till sällskapsdryck,syrlig öl,gose och lichtenhainer,8.0338266384778
396,ocean påsköl,eko,sverige,500.0,29.3,6.0,6.0,2.0,Passar till fläskPassar till grönsakerPassar till lammPassar till sällskapsdryck,ale,engelsk pale ale och bitter,5.86
397,uerige alt,,tyskland,330.0,38.9,6.0,6.0,1.0,Passar till lammPassar till nötPassar till sällskapsdryck,ale,altbier,11.787878787878787
398,brewski,triple berry pie,sverige,330.0,37.9,2.0,4.0,1.0,Passar till sällskapsdryckPassar till aperitif,syrlig öl,berliner weisse,11.484848484848484
399,lowlander,white ale,belgien,330.0,19.9,2.0,5.0,1.0,Passar till sällskapsdryckPassar till grönsakerPassar till kryddstarktPassar till ost,veteöl,witbier,6.030303030303029
400,dale's pale ale,,usa,355.0,25.9,8.0,6.0,3.0,Passar till fläskPassar till buffématPassar till sällskapsdryckPassar till grönsaker,ale,amerikansk pale ale,7.295774647887324
401,twisted thistle ipa,,storbritannien,330.0,17.9,5.0,7.0,3.0,Passar till lammPassar till nötPassar till sällskapsdryckPassar till fläsk,ale,india pale ale,5.424242424242424
402,falcon pilgrim,,sverige,500.0,14.9,6.0,6.0,1.0,Passar till fiskPassar till fågelPassar till fläskPassar till sällskapsdryck,ljus lager,pilsner,2.98
403,3 fonteinen,oude geuze,belgien,375.0,69.9,3.0,6.0,1.0,Passar till aperitifPassar till skaldjurPassar till sällskapsdryckPassar till grönsaker,syrlig öl,gueuze,18.64
404,stella artois,,belgien,330.0,14.9,4.0,4.0,2.0,Passar till buffématPassar till kryddstarktPassar till sällskapsdryck,ljus lager,internationell stil,4.515151515151515
405,mcgargles,granny's red ale,irland,330.0,19.9,6.0,6.0,1.0,Passar till lammPassar till nötPassar till sällskapsdryck,ale,irländsk ale,6.030303030303029
406,carlsberg sort guld,,danmark,330.0,14.9,5.0,5.0,1.0,Passar till fiskPassar till fläskPassar till grönsakerPassar till sällskapsdryck,ljus lager,internationell stil,4.515151515151515
407,remmarlöv,the holley organic blonde ale,sverige,330.0,19.9,5.0,4.0,1.0,Passar till fiskPassar till grönsakerPassar till fläskPassar till sällskapsdryck,ale,golden/blond ale,6.030303030303029
408,st eriks citra pale ale,,sverige,330.0,15.9,7.0,6.0,2.0,Passar till fågelPassar till fläskPassar till grönsakerPassar till sällskapsdryck,ale,amerikansk pale ale,4.818181818181818
409,småland mellanöl,,sverige,500.0,11.4,4.0,4.0,2.0,Passar till fiskPassar till fläskPassar till grönsakerPassar till sällskapsdryck,ljus lager,pilsner,2.2800000000000002
410,pistonhead,kustom lager,sverige,330.0,11.9,7.0,6.0,1.0,Passar till fågelPassar till fläskPassar till grönsakerPassar till sällskapsdryck,ljus lager,modern stil/india pale lager,3.6060606060606064
411,oppigårds,deep blonde ale,sverige,330.0,19.7,6.0,7.0,2.0,Passar till fågelPassar till fläskPassar till sällskapsdryck,ale,belgisk ljus ale,5.969696969696969
412,tt three towns,extra,sverige,330.0,12.4,6.0,6.0,1.0,Passar till fiskPassar till fågelPassar till fläskPassar till sällskapsdryck,ljus lager,starkare lager,3.7575757575757573
413,jever pilsener,,tyskland,330.0,14.9,7.0,6.0,1.0,Passar till fläskPassar till lammPassar till nötPassar till sällskapsdryck,ljus lager,pilsner,4.515151515151515
414,düster,,sverige,330.0,23.9,6.0,6.0,1.0,Passar till lammPassar till nötPassar till sällskapsdryck,mörk lager,schwarzbier,7.242424242424242
415,mariestads julebrygd,,sverige,500.0,18.9,6.0,7.0,2.0,Passar till sällskapsdryckPassar till lammPassar till fläskPassar till nöt,,,3.7800000000000002
416,ayinger,oktober fest-märzen,tyskland,500.0,24.9,6.0,7.0,2.0,Passar till fläskPassar till grönsakerPassar till lammPassar till sällskapsdryck,mellanmörk lager,märzen och wienerstil,4.9799999999999995
417,captain lawrence,red commander ipa,usa,473.0,49.9,8.0,8.0,2.0,Passar till lammPassar till nötPassar till sällskapsdryck,ale,india pale ale,10.54968287526427
418,nya carnegiebryggeriet,luma pils,sverige,330.0,19.9,6.0,6.0,2.0,Passar till sällskapsdryckPassar till fläskPassar till fågel,ljus lager,pilsner,6.030303030303029
419,ängöl,primör,sverige,330.0,20.9,2.0,4.0,1.0,Passar till kryddstarktPassar till fågelPassar till fläskPassar till grönsaker,veteöl,witbier,6.333333333333332
420,deep roots,amber ale,usa,355.0,21.9,6.0,7.0,3.0,Passar till fläskPassar till lammPassar till sällskapsdryckPassar till buffémat,ale,amber ale,6.169014084507042
421,småland,eko,sverige,500.0,14.9,5.0,5.0,1.0,Passar till fiskPassar till fågelPassar till fläskPassar till sällskapsdryck,ljus lager,pilsner,2.98
422,egger original,,österrike,330.0,14.9,4.0,4.0,1.0,Passar till fiskPassar till buffématPassar till grönsakerPassar till sällskapsdryck,ljus lager,dortmunder och helles,4.515151515151515
423,landgang §hoppe(r),,tyskland,330.0,24.9,2.0,4.0,1.0,Passar till fiskPassar till grönsakerPassar till skaldjurPassar till sällskapsdryck,syrlig öl,gose och lichtenhainer,7.545454545454546
424,st peter's cream stout,,storbritannien,500.0,31.9,7.0,9.0,3.0,Passar till nötPassar till sällskapsdryckPassar till vilt,torr porter och stout,,6.38
425,poppels bryggeri,new england pale ale,sverige,330.0,24.9,5.0,7.0,3.0,Passar till fiskPassar till fågelPassar till fläskPassar till sällskapsdryck,ale,new england ipa/hazy ipa,7.545454545454546
426,finn,summer wheat,sverige,500.0,29.9,5.0,5.0,1.0,Passar till sällskapsdryckPassar till grönsakerPassar till fågelPassar till fläsk,veteöl,hopfenweizen,5.9799999999999995
427,mariestads julebrygd,,sverige,500.0,19.5,6.0,7.0,2.0,Passar till sällskapsdryckPassar till lammPassar till fläskPassar till nöt,,,3.9
428,omnipollo,nebuchadnezzar,,330.0,30.0,10.0,7.0,2.0,Passar till fläskPassar till lammPassar till nötPassar till sällskapsdryck,ale,imperial/dubbel ipa,9.090909090909092
429,oude beersel,kriek vieille,belgien,375.0,59.0,2.0,5.0,1.0,Passar till aperitifPassar till sällskapsdryck,syrlig öl,frukt,15.733333333333333
430,saison d'etre,,sverige,750.0,67.8,5.0,5.0,1.0,Passar till sällskapsdryckPassar till grönsakerPassar till fågelPassar till fläsk,ale,saison,9.04
431,oppigårds,dalalager ekologisk,sverige,330.0,20.5,7.0,6.0,3.0,Passar till fläskPassar till lammPassar till nöt,mellanmörk lager,märzen och wienerstil,6.212121212121212
432,ayinger celebrator,doppelbock,tyskland,330.0,23.9,6.0,8.0,5.0,Passar till lammPassar till nötPassar till sällskapsdryck,mörk lager,dubbelbock,7.242424242424242
433,westmalle,trappist dubbel,belgien,330.0,27.9,6.0,8.0,3.0,Passar till lammPassar till nötPassar till viltPassar till ost,ale,dubbel,8.454545454545453
434,how to spring it up,,sverige,330.0,21.9,2.0,4.0,1.0,Passar till aperitifPassar till sällskapsdryck,syrlig öl,berliner weisse,6.636363636363636
435,nils oscar,kalasjulöl,sverige,330.0,19.9,6.0,6.0,2.0,Passar till sällskapsdryckPassar till lammPassar till fläskPassar till fågel,mellanmörk lager,märzen och wienerstil,6.030303030303029
436,oude geuze boon,vat 108 bis,belgien,375.0,109.0,3.0,4.0,1.0,Passar till aperitifPassar till skaldjur,syrlig öl,gueuze,29.06666666666667
437,stigbergets x pomologik,pearliner,sverige,330.0,29.9,3.0,5.0,1.0,Passar till aperitifPassar till sällskapsdryckPassar till fågelPassar till fläsk,syrlig öl,berliner weisse,9.06060606060606
438,pumpviken,påsköl,sverige,500.0,30.5,6.0,7.0,2.0,Passar till lammPassar till nötPassar till sällskapsdryckPassar till grönsaker,ale,mild,6.1
439,ocean stout,oceanbryggeriet,sverige,330.0,24.8,6.0,7.0,2.0,Passar till lammPassar till nötPassar till viltPassar till sällskapsdryck,torr porter och stout,,7.515151515151515
440,melleruds prima julöl,,sverige,330.0,17.9,6.0,6.0,1.0,Passar till fågelPassar till fläskPassar till sällskapsdryckPassar till grönsaker,,,5.424242424242424
441,råå hammock,,sverige,330.0,21.6,7.0,5.0,1.0,Passar till fågelPassar till fläskPassar till grönsakerPassar till sällskapsdryck,ale,session ipa,6.545454545454546
442,mascarat black rye ipa,althaia artesana,spanien,330.0,39.9,7.0,8.0,2.0,Passar till lammPassar till nötPassar till sällskapsdryckPassar till vilt,ale,black ipa,12.090909090909092
443,pfungstädter edel-pils premium,,tyskland,330.0,14.9,6.0,6.0,1.0,Passar till fiskPassar till fågelPassar till fläskPassar till sällskapsdryck,ljus lager,pilsner,4.515151515151515
444,dugges cola,fruit and spice sour,sverige,330.0,32.0,1.0,5.0,1.0,Passar till sällskapsdryck,övrig syrlig öl,,9.696969696969697
445,mariestads,påsköl,sverige,500.0,19.9,6.0,6.0,2.0,Passar till fläskPassar till lammPassar till nötPassar till sällskapsdryck,,,3.9799999999999995
446,zoller hof spezial export,,tyskland,330.0,22.9,6.0,6.0,1.0,Passar till fläskPassar till buffématPassar till sällskapsdryckPassar till grönsaker,ljus lager,dortmunder och helles,6.939393939393939
447,nils oscar,södermalmspilsner,sverige,500.0,26.5,5.0,6.0,1.0,Passar till fiskPassar till fågelPassar till fläskPassar till sällskapsdryck,ljus lager,pilsner,5.3
448,jämtlands julöl,,sverige,330.0,23.9,6.0,6.0,2.0,Passar till fläskPassar till lammPassar till nötPassar till sällskapsdryck,ale,strong ale,7.242424242424242
449,irlbacher,volksfestbier,tyskland,500.0,24.9,5.0,6.0,2.0,Passar till fågelPassar till fläskPassar till grönsakerPassar till sällskapsdryck,ljus lager,dortmunder och helles,4.9799999999999995
450,östersunds nya ångbryggeri,american pale ale,sverige,330.0,26.9,7.0,6.0,2.0,Passar till fläskPassar till lammPassar till sällskapsdryck,ale,amerikansk pale ale,8.15151515151515
451,stone buenaveza,salt & lime lager,usa,355.0,18.9,4.0,4.0,1.0,Passar till sällskapsdryck,ljus lager,internationell stil,5.32394366197183
452,klackabacken,summer ale,sverige,330.0,19.9,5.0,6.0,1.0,Passar till fläskPassar till lammPassar till sällskapsdryck,ale,golden/blond ale,6.030303030303029
453,strawberry hills forever,,sverige,330.0,28.5,2.0,5.0,1.0,Passar till sällskapsdryck,syrlig öl,berliner weisse,8.636363636363637
454,brewski strawberry pie,brewski ab,sverige,330.0,38.9,2.0,4.0,2.0,Passar till sällskapsdryck,syrlig öl,berliner weisse,11.787878787878787
455,jenny nyströms,påskbrygd,sverige,330.0,19.8,7.0,6.0,2.0,Passar till fläskPassar till lammPassar till nötPassar till sällskapsdryck,ale,amber ale,6.000000000000001
456,nääs,mörk lager påsköl,sverige,330.0,19.8,6.0,6.0,3.0,Passar till fläskPassar till grönsakerPassar till lammPassar till sällskapsdryck,mörk lager,dunkel,6.000000000000001
457,gotlands bryggeri,wisby julbrygd,sverige,330.0,21.9,6.0,6.0,2.0,Passar till fläskPassar till grönsakerPassar till nötPassar till sällskapsdryck,,,6.636363636363636
458,beavertown gamma ray,apa,storbritannien,330.0,29.9,8.0,7.0,2.0,Passar till fläskPassar till lammPassar till sällskapsdryck,ale,amerikansk pale ale,9.06060606060606
459,jämtlands påsköl,,sverige,330.0,22.9,6.0,5.0,3.0,Passar till sällskapsdryckPassar till lammPassar till nötPassar till grönsaker,ale,,6.939393939393939
460,hyllie x nyköping,rauchmärzen is the coolest german word ever,sverige,440.0,39.9,5.0,8.0,4.0,Passar till sällskapsdryckPassar till fläskPassar till lamm,mellanmörk lager,märzen och wienerstil,9.068181818181818
461,blue moon,belgian white,,330.0,18.9,3.0,5.0,2.0,Passar till fågelPassar till fläskPassar till kryddstarktPassar till sällskapsdryck,veteöl,witbier,5.727272727272727
462,s:t eriks,sommar sur,sverige,330.0,21.9,2.0,3.0,1.0,Passar till aperitifPassar till fågelPassar till fläskPassar till sällskapsdryck,syrlig öl,berliner weisse,6.636363636363636
463,pfungstädter edel-pils premium,,tyskland,500.0,19.9,6.0,6.0,1.0,Passar till fiskPassar till fågelPassar till fläskPassar till sällskapsdryck,ljus lager,pilsner,3.9799999999999995
464,anosteké,blonde,frankrike,750.0,73.8,7.0,7.0,2.0,Passar till fläskPassar till lammPassar till sällskapsdryckPassar till grönsaker,ale,belgisk ljus ale,9.84
465,baltic porter,brygghuset finn,sverige,330.0,32.9,6.0,8.0,4.0,Passar till lammPassar till nötPassar till viltPassar till sällskapsdryck,imperial porter och stout,,9.969696969696969
466,founders,big luscious stout,usa,355.0,67.9,5.0,10.0,7.0,Passar till sällskapsdryck,imperial porter och stout,,19.126760563380284
467,eriksberg julöl,,sverige,500.0,18.5,5.0,6.0,3.0,Passar till fläskPassar till lammPassar till nötPassar till sällskapsdryck,,,3.6999999999999997
468,sofiero julöl,,sverige,500.0,14.9,4.0,6.0,3.0,Passar till sällskapsdryckPassar till grönsakerPassar till fågelPassar till fläsk,,,2.98
469,ufo white,harpoon brewey,usa,355.0,25.9,2.0,5.0,2.0,Passar till fågelPassar till grönsakerPassar till kryddstarktPassar till sällskapsdryck,veteöl,witbier,7.295774647887324
470,bötet barley wine,rye,sverige,250.0,45.7,6.0,8.0,6.0,Passar till lammPassar till nötPassar till ostPassar till vilt,ale,barley wine,18.28
471,modern times,black house coffee stout,usa,473.0,46.9,4.0,7.0,3.0,Passar till lammPassar till nötPassar till viltPassar till sällskapsdryck,torr porter och stout,,9.915433403805496
472,wisby,påsköl,sverige,330.0,20.9,7.0,7.0,2.0,Passar till lammPassar till nötPassar till sällskapsdryck,,,6.333333333333332
473,oppigårds winter ale,,sverige,500.0,27.9,8.0,8.0,2.0,Passar till lammPassar till nötPassar till sällskapsdryck,ale,,5.579999999999999
474,oppigårds,easter ale,sverige,500.0,28.9,7.0,7.0,3.0,Passar till fläskPassar till lammPassar till nötPassar till sällskapsdryck,ale,brown ale,5.779999999999999
475,three hearts julöl,,sverige,500.0,17.5,5.0,5.0,2.0,Passar till fläskPassar till lammPassar till nötPassar till sällskapsdryck,,,3.5000000000000004
476,grebbestad julöl,,sverige,330.0,22.9,6.0,7.0,2.0,Passar till sällskapsdryckPassar till grönsakerPassar till lammPassar till nöt,,,6.939393939393939
477,starobrno premium,,tjeckien,330.0,13.9,6.0,7.0,2.0,Passar till fiskPassar till fågelPassar till fläskPassar till sällskapsdryck,ljus lager,pilsner,4.212121212121212
478,kirin ichiban,premium lager,,330.0,15.9,4.0,4.0,1.0,Passar till fiskPassar till skaldjurPassar till sällskapsdryckPassar till kryddstarkt,ljus lager,internationell stil,4.818181818181818
479,stockholm brewing x apex,wild predator,sverige,375.0,69.0,3.0,6.0,1.0,Passar till fiskPassar till fågelPassar till fläskPassar till sällskapsdryck,övrig syrlig öl,,18.4
480,stigbergets,fraktur,sverige,440.0,55.0,6.0,8.0,4.0,Passar till fläskPassar till lammPassar till sällskapsdryck,ale,imperial/dubbel ipa,12.5
481,liefmans glühkriek,,belgien,750.0,59.9,2.0,7.0,8.0,Passar till sällskapsdryck,,,7.986666666666667
482,orval,,belgien,330.0,39.9,6.0,7.0,2.0,Passar till lammPassar till nötPassar till sällskapsdryck,,,12.090909090909092
483,omnipollo,zodiak,,330.0,27.0,8.0,5.0,1.0,Passar till fiskPassar till fågelPassar till fläskPassar till sällskapsdryck,ale,new england ipa/hazy ipa,8.181818181818182
484,stigbergets dh-ddh-wc ipa,,sverige,440.0,46.9,6.0,8.0,3.0,Passar till sällskapsdryckPassar till fågelPassar till fläsk,ale,new england ipa/hazy ipa,10.659090909090908
485,nøgne ø,india pale ale,norge,330.0,27.9,8.0,8.0,4.0,Passar till lammPassar till nötPassar till sällskapsdryckPassar till vilt,ale,india pale ale,8.454545454545453
486,northern monk,patrons project 27.02 boom box,storbritannien,440.0,49.9,8.0,8.0,5.0,Passar till lammPassar till nötPassar till sällskapsdryck,ale,new england ipa/hazy ipa,11.34090909090909
487,tilquin oude gueuze,,belgien,375.0,73.5,2.0,5.0,1.0,Passar till aperitifPassar till fiskPassar till skaldjur,syrlig öl,gueuze,19.6
488,apex ne mosaic & simcoe ipa,,sverige,440.0,49.9,7.0,7.0,2.0,Passar till sällskapsdryckPassar till lammPassar till nöt,ale,new england ipa/hazy ipa,11.34090909090909
489,oppigårds,hedemora pilsner,sverige,500.0,27.9,7.0,6.0,2.0,Passar till fläskPassar till lammPassar till sällskapsdryck,ljus lager,pilsner,5.579999999999999
490,omnipollo,fantom ipa,sverige,330.0,33.9,8.0,6.0,1.0,Passar till lammPassar till nötPassar till sällskapsdryck,ale,india pale ale,10.272727272727272
491,mikkeller,k:rlek vår/sommar,belgien,330.0,29.9,7.0,7.0,2.0,Passar till sällskapsdryckPassar till fågelPassar till fläsk,ale,amerikansk pale ale,9.06060606060606
492,stigbergets bird in hand dipa,,sverige,440.0,47.9,8.0,8.0,4.0,Passar till lammPassar till nötPassar till sällskapsdryck,ale,imperial/dubbel ipa,10.886363636363635
493,brussels calling,,belgien,330.0,36.5,8.0,7.0,2.0,Passar till lammPassar till nötPassar till sällskapsdryck,ale,belgisk ljus ale,11.06060606060606
494,merica,göteborgs nya bryggeri,sverige,330.0,19.9,8.0,7.0,1.0,Passar till lammPassar till nötPassar till sällskapsdryck,ale,amerikansk pale ale,6.030303030303029
495,camden,hells lager,storbritannien,330.0,16.5,5.0,5.0,1.0,Passar till sällskapsdryckPassar till buffématPassar till grönsakerPassar till fisk,ljus lager,dortmunder och helles,5.0
496,gare de roubaix,birrificio mezzavia,italien,750.0,69.9,4.0,6.0,2.0,Passar till fågelPassar till fläskPassar till lammPassar till sällskapsdryck,ale,bière de garde,9.32
497,duvel tripel hop,cashmere,belgien,330.0,34.9,7.0,7.0,2.0,Passar till fågelPassar till fläskPassar till sällskapsdryckPassar till lamm,ale,belgisk ljus ale,10.575757575757576
498,rodenbach,grand cru,belgien,330.0,29.9,3.0,6.0,3.0,Passar till fågelPassar till fläsk,syrlig öl,flamländsk röd och brun öl,9.06060606060606
499,finn,easter weisse,sverige,330.0,23.1,3.0,5.0,3.0,Passar till fågelPassar till fläskPassar till grönsakerPassar till sällskapsdryck,veteöl,weizenbock,7.000000000000001
500,simplex,,belgien,330.0,25.0,7.0,5.0,1.0,Passar till lammPassar till nötPassar till sällskapsdryckPassar till ost,ale,belgisk ljus ale,7.575757575757576
501,jenny nyström julbrygd,,sverige,330.0,19.8,6.0,7.0,2.0,Passar till fläskPassar till lammPassar till grönsakerPassar till sällskapsdryck,ale,amber ale,6.000000000000001
502,chimay,"grand reserve barrel fermented rum edition, 2021",belgien,375.0,125.0,6.0,9.0,4.0,Passar till ostPassar till sällskapsdryckPassar till nötPassar till vilt,ale,belgisk mörk ale,33.33333333333333
503,king of grapes,,sverige,375.0,97.8,2.0,4.0,1.0,Passar till aperitifPassar till fiskPassar till skaldjur,övrig syrlig öl,,26.08
504,winter lager,,sverige,330.0,19.8,6.0,6.0,1.0,Passar till sällskapsdryckPassar till lammPassar till nöt,mörk lager,dunkel,6.000000000000001
505,white riot,grapefruit blanche,italien,330.0,29.7,5.0,5.0,1.0,Passar till grönsakerPassar till fågelPassar till fläskPassar till sällskapsdryck,veteöl,witbier,9.0
506,falcon julbrygd,,sverige,500.0,17.9,5.0,5.0,2.0,Passar till fläskPassar till lammPassar till nötPassar till sällskapsdryck,,,3.58
507,duckpond,darkwing,sverige,330.0,39.9,2.0,5.0,1.0,Passar till sällskapsdryck,syrlig öl,gose och lichtenhainer,12.090909090909092
508,stigbergets,lilla tunga,sverige,330.0,55.0,,,,,ale,skotsk ale,16.666666666666664
509,st feuillien triple,,belgien,330.0,29.9,6.0,7.0,2.0,Passar till sällskapsdryckPassar till fläskPassar till lammPassar till ost,ale,trippel,9.06060606060606
510,eriksberg juvelpilsner,,sverige,330.0,11.9,6.0,5.0,1.0,Passar till fågelPassar till fläskPassar till sällskapsdryck,ljus lager,pilsner,3.6060606060606064
511,stigbergets fragments,,sverige,440.0,43.9,8.0,7.0,2.0,Passar till sällskapsdryckPassar till grönsakerPassar till fågelPassar till fläsk,ale,india pale ale,9.977272727272727
512,lagunitas holiday ale,,usa,355.0,28.9,8.0,7.0,3.0,Passar till sällskapsdryckPassar till fläskPassar till lammPassar till nöt,ale,strong ale,8.140845070422536
513,slottskällans,freedom ipa,sverige,330.0,23.9,8.0,6.0,2.0,Passar till fläskPassar till lammPassar till nötPassar till sällskapsdryck,ale,india pale ale,7.242424242424242
514,zwickel,urban chestnut,tyskland,500.0,22.9,5.0,6.0,2.0,Passar till fiskPassar till grönsakerPassar till fläskPassar till sällskapsdryck,ljus lager,zwickel,4.58
515,goder afton,julstout,sverige,330.0,32.9,5.0,9.0,7.0,Passar till lammPassar till nötPassar till sällskapsdryckPassar till vilt,imperial porter och stout,,9.969696969696969
516,stone sublimely,righteous black ipa,usa,355.0,44.9,8.0,8.0,3.0,Passar till lammPassar till nötPassar till sällskapsdryckPassar till vilt,ale,black ipa,12.647887323943664
517,trappistes,rochefort 8,belgien,330.0,36.9,6.0,8.0,3.0,Passar till nötPassar till ostPassar till sällskapsdryckPassar till vilt,ale,dubbel,11.181818181818182
518,loverbeer di valter loverier,sour sketch,italien,375.0,99.3,,,,,syrlig öl,frukt,26.479999999999997
519,skellefteå bryggeri,kitty #2,sverige,440.0,49.8,5.0,7.0,2.0,Passar till sällskapsdryck,annan öl,öl av flera typer/stilar,11.318181818181818
520,collective arts,matter of fact dry hop blonde,kanada,473.0,34.9,6.0,6.0,1.0,Passar till fläskPassar till lammPassar till sällskapsdryck,ale,golden/blond ale,7.378435517970401
521,remmarlöv,jungle juice,sverige,440.0,26.9,2.0,4.0,1.0,Passar till aperitifPassar till fiskPassar till fågelPassar till sällskapsdryck,övrig syrlig öl,,6.113636363636363
522,stenstrand,sommar ale,sverige,500.0,35.2,7.0,7.0,2.0,Passar till fläskPassar till lammPassar till nötPassar till sällskapsdryck,ale,amerikansk pale ale,7.04
523,raspberry sour beer,,sverige,330.0,32.9,2.0,4.0,1.0,Passar till aperitifPassar till sällskapsdryck,övrig syrlig öl,,9.969696969696969
524,oppigårds,raspberry sour,sverige,330.0,24.9,2.0,4.0,1.0,Passar till aperitifPassar till sällskapsdryck,syrlig öl,berliner weisse,7.545454545454546
525,grünbacher,urweisse hell,tyskland,500.0,22.9,3.0,5.0,2.0,Passar till kryddstarktPassar till fiskPassar till grönsakerPassar till sällskapsdryck,veteöl,hefeweizen,4.58
526,arvingarna,,sverige,330.0,27.9,7.0,7.0,2.0,Passar till fläskPassar till lammPassar till sällskapsdryck,ljus lager,modern stil/india pale lager,8.454545454545453
527,clown shoes galactica ipa,,usa,473.0,34.9,8.0,8.0,2.0,Passar till lammPassar till nötPassar till sällskapsdryck,ale,india pale ale,7.378435517970401
528,don't drink barleywine,,usa,650.0,79.9,6.0,9.0,7.0,Passar till nötPassar till viltPassar till ostPassar till sällskapsdryck,ale,barley wine,12.292307692307693
529,uber hazy,double ipa,usa,473.0,34.9,7.0,8.0,2.0,Passar till lammPassar till nötPassar till sällskapsdryck,ale,imperial/dubbel ipa,7.378435517970401
530,coppersmith's,the pawns pilsener non-gluten,sverige,330.0,17.1,7.0,5.0,1.0,Passar till fågelPassar till fläskPassar till lammPassar till sällskapsdryck,ljus lager,modern stil/india pale lager,5.1818181818181825
531,amundsen dessert in a can,peanutbutter caramel crisp jam doughnut,norge,330.0,49.9,5.0,10.0,10.0,Passar till dessertPassar till sällskapsdryck,imperial porter och stout,,15.121212121212121
532,gouden carolus,christmas,belgien,330.0,29.9,4.0,10.0,10.0,Passar till ostPassar till sällskapsdryck,ale,dubbel,9.06060606060606
533,nyx,milk stout,storbritannien,440.0,57.9,,,,,söt porter och stout,,13.15909090909091
534,3 fonteinen,"oude geuze golden blend, 2020",belgien,750.0,299.0,2.0,5.0,1.0,Passar till aperitifPassar till skaldjurPassar till sällskapsdryck,syrlig öl,gueuze,39.86666666666667
535,boon oude geuze,"mariage parfait, 2016",belgien,375.0,39.9,3.0,6.0,1.0,Passar till aperitifPassar till skaldjur,syrlig öl,gueuze,10.639999999999999
536,stigbergets,bionic,sverige,440.0,66.6,8.0,9.0,4.0,Passar till lammPassar till nötPassar till sällskapsdryck,ale,imperial/dubbel ipa,15.136363636363633
537,ca' del brado,û baccabianca,italien,375.0,99.0,,,,,annan öl,öl av flera typer/stilar,26.400000000000002
538,göteborgs christmas,session ipa,sverige,330.0,21.8,7.0,5.0,1.0,Passar till fläskPassar till lammPassar till nötPassar till sällskapsdryck,ale,session ipa,6.606060606060607
539,tripel karmeliet,,belgien,750.0,69.9,3.0,7.0,4.0,Passar till fågelPassar till fläskPassar till grönsakerPassar till sällskapsdryck,ale,belgisk ljus ale,9.32
540,stigbergets,nai rai,sverige,440.0,43.9,7.0,7.0,2.0,Passar till sällskapsdryckPassar till lammPassar till nöt,ale,india pale ale,9.977272727272727
541,gotlands bryggeri,island bulldog neipa,sverige,330.0,20.9,7.0,6.0,1.0,Passar till lammPassar till fläskPassar till sällskapsdryck,ale,session ipa,6.333333333333332
542,o/o,ekta pils,sverige,330.0,24.9,5.0,5.0,1.0,Passar till fiskPassar till fågelPassar till sällskapsdryckPassar till fläsk,ljus lager,pilsner,7.545454545454546
543,stigbergets tropikos,stigbergets bryggeri,sverige,440.0,44.9,8.0,8.0,2.0,Passar till lammPassar till nötPassar till sällskapsdryck,ale,india pale ale,10.204545454545453
544,bergsbock hell,klosterbrauerei andechs,tyskland,500.0,26.9,6.0,7.0,3.0,Passar till fiskPassar till fågelPassar till grönsakerPassar till sällskapsdryck,ljus lager,ljus bocköl,5.38
545,ayinger,bräuweisse,tyskland,500.0,29.9,3.0,4.0,2.0,Passar till fågelPassar till fläskPassar till kryddstarktPassar till sällskapsdryck,veteöl,hefeweizen,5.9799999999999995
546,fermenterarna,taco taco,sverige,440.0,39.9,5.0,7.0,2.0,Passar till sällskapsdryckPassar till grönsakerPassar till fågelPassar till fläsk,ale,new england ipa/hazy ipa,9.068181818181818
547,vennskap,,sverige,375.0,89.1,2.0,5.0,1.0,Passar till aperitifPassar till sällskapsdryck,övrig syrlig öl,,23.759999999999998
548,synchopathic dry-hopped,sour ale,usa,355.0,26.9,3.0,6.0,1.0,Passar till sällskapsdryck,övrig syrlig öl,,7.577464788732394
549,gauloise ambrée,,belgien,330.0,23.9,5.0,6.0,1.0,Passar till sällskapsdryckPassar till fläskPassar till grönsakerPassar till fisk,ale,belgisk ljus ale,7.242424242424242
550,chang,beer,thailand,620.0,29.9,4.0,5.0,1.0,Passar till asiatisktPassar till kryddstarktPassar till sällskapsdryckPassar till grönsaker,ljus lager,internationell stil,4.82258064516129
551,brooklyn,bel air sour,usa,355.0,23.9,2.0,4.0,1.0,Passar till aperitifPassar till fiskPassar till skaldjur,övrig syrlig öl,,6.732394366197182
552,eternal rye,stockholm brewing,sverige,375.0,89.0,,,,,övrig syrlig öl,,23.733333333333334
553,sibbarps husbryggeri,79,sverige,500.0,29.9,6.0,6.0,2.0,Passar till fågelPassar till fläskPassar till grönsakerPassar till sällskapsdryck,ljus lager,dortmunder och helles,5.9799999999999995
554,boon geuze,black label nr 5,belgien,750.0,99.0,4.0,5.0,1.0,Passar till aperitifPassar till skaldjur,syrlig öl,gueuze,13.200000000000001
555,dugges,watermelon,sverige,330.0,34.0,2.0,4.0,1.0,Passar till aperitifPassar till sällskapsdryck,övrig syrlig öl,,10.303030303030303
556,mikkeller,midsummer dream lager,belgien,330.0,29.9,7.0,5.0,2.0,Passar till fågelPassar till fläskPassar till grönsakerPassar till sällskapsdryck,ljus lager,modern stil/india pale lager,9.06060606060606
557,fermenterarna,urban neipa,sverige,440.0,49.9,6.0,6.0,2.0,Passar till fågelPassar till fläskPassar till grönsakerPassar till sällskapsdryck,ale,new england ipa/hazy ipa,11.34090909090909
558,klackabacken pilsner,,sverige,330.0,16.9,5.0,5.0,1.0,Passar till fiskPassar till fågelPassar till fläskPassar till sällskapsdryck,ljus lager,pilsner,5.121212121212121
559,fw parabola 2021,,usa,355.0,139.0,,,,,imperial porter och stout,,39.154929577464785
560,williams brothers,black,storbritannien,500.0,25.9,6.0,6.0,2.0,Passar till lammPassar till nötPassar till viltPassar till sällskapsdryck,ale,mild,5.18
561,northern monk,black friday,storbritannien,440.0,49.9,5.0,8.0,7.0,Passar till dessertPassar till sällskapsdryck,söt porter och stout,,11.34090909090909
562,ocean mild påsk,,sverige,500.0,29.3,5.0,6.0,2.0,Passar till grönsakerPassar till lammPassar till fläskPassar till sällskapsdryck,ale,mild,5.86
563,abbedissan 12,vreta kloster bryggeri,sverige,330.0,49.9,5.0,9.0,5.0,Passar till ostPassar till lammPassar till nötPassar till sällskapsdryck,ale,abt och kvadrupel,15.121212121212121
564,falcon julbrygd,,sverige,330.0,12.9,5.0,5.0,2.0,Passar till fläskPassar till lammPassar till nötPassar till sällskapsdryck,,,3.909090909090909
565,stockholm lager,,sverige,330.0,24.0,6.0,6.0,1.0,Passar till fiskPassar till fågelPassar till fläskPassar till sällskapsdryck,ljus lager,pilsner,7.2727272727272725
566,bière nouvelle,2021,frankrike,750.0,82.7,,,,,ale,bière de garde,11.026666666666667
567,brygghuset finn,winter bock,sverige,330.0,24.7,7.0,8.0,3.0,Passar till lammPassar till nötPassar till fläskPassar till sällskapsdryck,mörk lager,dubbelbock,7.484848484848484
568,göteborgs nya bryggeri,lakrits,sverige,330.0,22.9,6.0,7.0,4.0,Passar till sällskapsdryckPassar till lammPassar till nöt,mellanmörk lager,märzen och wienerstil,6.939393939393939
569,horal oude geuze mega blend,,belgien,750.0,159.0,,,,,syrlig öl,gueuze,21.2
570,stigbergets,api yzah,sverige,330.0,29.9,6.0,6.0,2.0,Passar till fågelPassar till fläskPassar till grönsakerPassar till sällskapsdryck,ale,new england ipa/hazy ipa,9.06060606060606
571,shifting baseline,,storbritannien,440.0,45.7,6.0,6.0,2.0,Passar till fiskPassar till fågelPassar till fläskPassar till sällskapsdryck,ale,amerikansk pale ale,10.386363636363637
572,charlis snöfall,,sverige,330.0,25.8,6.0,8.0,2.0,Passar till sällskapsdryckPassar till viltPassar till nötPassar till lamm,ale,brown ale,7.818181818181818
573,sierra nevada,bigfoot,usa,355.0,39.9,9.0,8.0,6.0,Passar till nötPassar till lammPassar till sällskapsdryck,ale,barley wine,11.23943661971831
574,mysingen midvinterbrygd,,sverige,500.0,32.8,7.0,7.0,2.0,Passar till sällskapsdryckPassar till nötPassar till lammPassar till fläsk,annan öl,,6.559999999999999
575,yeti,imperial stout,usa,355.0,41.9,9.0,11.0,5.0,Passar till dessertPassar till lammPassar till nötPassar till sällskapsdryck,imperial porter och stout,,11.80281690140845
576,clan brewing company,single malt whiskey barrel-aged 4 pack,storbritannien,,189.6,,,,,annan öl,öl av flera typer/stilar,
577,helsinge pilsener,,sverige,500.0,30.0,7.0,6.0,1.0,Passar till fågelPassar till fläskPassar till sällskapsdryck,ljus lager,pilsner,6.0
578,rickys,india pale ale,sverige,500.0,18.9,6.0,6.0,3.0,Passar till fläskPassar till lammPassar till sällskapsdryck,ale,india pale ale,3.7800000000000002
579,o/o pivot pils,,sverige,330.0,19.0,5.0,5.0,1.0,Passar till fiskPassar till fläskPassar till sällskapsdryckPassar till fågel,ljus lager,pilsner,5.757575757575758
580,fw,"parabola, 2020",usa,355.0,139.0,,,,,imperial porter och stout,,39.154929577464785
581,nynäshamns ångbryggeri,yttre gaarden,sverige,500.0,33.5,5.0,5.0,2.0,Passar till asiatisktPassar till kryddstarktPassar till fiskPassar till fläsk,veteöl,witbier,6.7
582,stigbergets,idyllic,sverige,330.0,31.9,7.0,6.0,2.0,Passar till fågelPassar till fläskPassar till sällskapsdryck,ale,india pale ale,9.666666666666666
583,sour rosé,crooked stave artisan beer project,usa,355.0,25.9,2.0,4.0,1.0,Passar till sällskapsdryck,övrig syrlig öl,,7.295774647887324
584,remmarlöv,the sweet hoof milk stout,sverige,330.0,26.8,5.0,7.0,6.0,Passar till sällskapsdryck,söt porter och stout,,8.121212121212121
585,dugges,c-1000,sverige,330.0,35.0,8.0,8.0,2.0,Passar till lammPassar till nötPassar till sällskapsdryck,ale,imperial/dubbel ipa,10.606060606060606
586,brewski,american pie,sverige,330.0,48.9,2.0,5.0,2.0,Passar till sällskapsdryck,syrlig öl,berliner weisse,14.818181818181817
587,back to mars,nova runda,kroatien,500.0,55.8,7.0,7.0,2.0,Passar till lammPassar till nötPassar till sällskapsdryck,ale,new england ipa/hazy ipa,11.159999999999998
588,amundsen,hopbliminal messages neipa,norge,330.0,24.9,7.0,7.0,2.0,Passar till fläskPassar till lammPassar till sällskapsdryck,ale,new england ipa/hazy ipa,7.545454545454546
589,erdinger,weissbier kristallklar,tyskland,500.0,23.9,2.0,4.0,2.0,Passar till kryddstarktPassar till fiskPassar till fågelPassar till sällskapsdryck,veteöl,kristallweizen,4.779999999999999
590,coolhead,salted licorice raspberry sour,finland,330.0,45.5,2.0,4.0,1.0,Passar till sällskapsdryck,övrig syrlig öl,,13.787878787878787
591,fuller's,old winter ale,storbritannien,500.0,27.9,7.0,7.0,2.0,Passar till sällskapsdryckPassar till lammPassar till nötPassar till fläsk,ale,strong ale,5.579999999999999
592,train station brewery,shipfaced ipa,sverige,330.0,27.9,8.0,7.0,2.0,Passar till lammPassar till nötPassar till sällskapsdryck,ale,india pale ale,8.454545454545453
593,o/o brewing,carismatico dipa,sverige,440.0,59.9,7.0,8.0,4.0,Passar till lammPassar till nötPassar till sällskapsdryck,ale,imperial/dubbel ipa,13.613636363636363
594,craftwerk,holy winter cowl,tyskland,330.0,28.9,5.0,8.0,3.0,Passar till lammPassar till nötPassar till sällskapsdryck,ale,trippel,8.757575757575758
595,predator hazy ipa,stockholm brewing x apex,sverige,440.0,44.9,8.0,8.0,4.0,Passar till lammPassar till nötPassar till sällskapsdryck,ale,india pale ale,10.204545454545453
596,3 fonteinen,schaarbeekse kriek 18/19,belgien,750.0,399.0,,,,,syrlig öl,frukt,53.2
597,emelisse,"white label barley wine bowmore no. 5 ba, 2019",nederländerna,330.0,75.4,5.0,11.0,7.0,Passar till ostPassar till sällskapsdryck,ale,barley wine,22.84848484848485
598,mastio,real italian grape ale,italien,330.0,39.9,4.0,6.0,2.0,Passar till grönsakerPassar till fågelPassar till fläskPassar till sällskapsdryck,annan öl,öl av flera typer/stilar,12.090909090909092
599,ängöl,prima lager,sverige,330.0,21.5,7.0,6.0,1.0,Passar till fiskPassar till fågelPassar till fläsk,,,6.515151515151516
600,einstök,icelandic white ale,island,330.0,25.9,2.0,5.0,2.0,Passar till asiatisktPassar till fiskPassar till fågelPassar till kryddstarkt,veteöl,witbier,7.848484848484848
601,lindemans,"cuvée rené, 2018",belgien,375.0,44.9,3.0,5.0,1.0,Passar till aperitifPassar till skaldjur,syrlig öl,gueuze,11.973333333333333
602,train station brewery glutenfri,jul ipa,sverige,330.0,24.9,8.0,7.0,2.0,Passar till fläskPassar till lammPassar till nötPassar till sällskapsdryck,ale,india pale ale,7.545454545454546
603,ängöl,jenny nyströms midsommaröl,sverige,330.0,24.5,6.0,6.0,1.0,Passar till fågelPassar till fläskPassar till sällskapsdryck,ljus lager,modern stil/india pale lager,7.424242424242425
604,finn,berry crush sour,sverige,330.0,29.9,2.0,4.0,1.0,Passar till aperitifPassar till sällskapsdryck,syrlig öl,berliner weisse,9.06060606060606
605,remmarlöv,riegele collaboration maibock,sverige,330.0,29.9,6.0,8.0,2.0,Passar till fläskPassar till lammPassar till sällskapsdryck,ljus lager,ljus bocköl,9.06060606060606
606,connecticut valley,plum crazy sour,usa,473.0,39.9,2.0,6.0,2.0,Passar till aperitifPassar till sällskapsdryck,övrig syrlig öl,,8.435517970401692
607,o/o evergreen,ipa,sverige,330.0,29.9,7.0,6.0,2.0,Passar till fläskPassar till lammPassar till sällskapsdryck,ale,india pale ale,9.06060606060606
608,utopian,ten degrees,storbritannien,440.0,29.9,6.0,6.0,1.0,Passar till fiskPassar till fågelPassar till fläskPassar till sällskapsdryck,ljus lager,pilsner,6.795454545454545
609,ocean,julöl,sverige,500.0,31.8,7.0,6.0,2.0,Passar till lammPassar till nötPassar till fläskPassar till sällskapsdryck,ale,strong ale,6.36
610,amundsen,zygoat salted caramel choc chip cookie stout,norge,330.0,49.9,3.0,10.0,10.0,Passar till sällskapsdryck,imperial porter och stout,,15.121212121212121
611,kallholmen,levande lager,sverige,330.0,22.2,6.0,6.0,1.0,Passar till fläskPassar till grönsakerPassar till nötPassar till sällskapsdryck,ljus lager,pilsner,6.7272727272727275
612,hirond'ale #3,,belgien,330.0,32.0,4.0,7.0,2.0,Passar till sällskapsdryckPassar till fågelPassar till fläskPassar till grönsaker,ale,saison,9.696969696969697
613,mikkeller,windy hill,usa,473.0,64.9,7.0,7.0,2.0,Passar till lammPassar till nötPassar till sällskapsdryck,ale,new england ipa/hazy ipa,13.72093023255814
614,beerbliotek,a passion for gingers,sverige,330.0,29.9,2.0,5.0,1.0,Passar till aperitifPassar till sällskapsdryck,syrlig öl,berliner weisse,9.06060606060606
615,folkes ofiltrerade lager,,sverige,330.0,23.9,5.0,5.0,1.0,Passar till fiskPassar till fågelPassar till fläskPassar till sällskapsdryck,ljus lager,modern stil/india pale lager,7.242424242424242
616,stigbergets,ringöbräu märzen,sverige,440.0,29.9,6.0,6.0,2.0,Passar till fågelPassar till fläskPassar till grönsakerPassar till sällskapsdryck,mellanmörk lager,märzen och wienerstil,6.795454545454545
617,den blonda nunnan,vreta kloster nanobryggeri,sverige,330.0,34.1,5.0,7.0,2.0,Passar till fläskPassar till lammPassar till sällskapsdryck,ale,belgisk ljus ale,10.333333333333334
618,sigtuna winter ipa,organic,sverige,330.0,23.9,8.0,7.0,2.0,Passar till sällskapsdryckPassar till nötPassar till lammPassar till fläsk,ale,india pale ale,7.242424242424242
619,ängöl,lata dagars ipa,sverige,330.0,27.5,8.0,7.0,1.0,Passar till lammPassar till nötPassar till sällskapsdryck,ale,india pale ale,8.333333333333332
620,grandios manipulator,,sverige,330.0,35.9,6.0,8.0,4.0,Passar till lammPassar till nötPassar till sällskapsdryck,ljus lager,ljus bocköl,10.878787878787879
621,stigbergets session ipa,,sverige,440.0,29.9,6.0,6.0,1.0,Passar till grönsakerPassar till fiskPassar till fågelPassar till sällskapsdryck,ale,session ipa,6.795454545454545
622,de struise brouwers,"pannepot, 2020",belgien,330.0,39.0,6.0,8.0,2.0,Passar till lammPassar till nötPassar till viltPassar till sällskapsdryck,ale,belgisk mörk ale,11.818181818181818
623,falcons julmumma,,sverige,500.0,18.9,5.0,6.0,9.0,Passar till sällskapsdryck,annan öl,,3.7800000000000002
624,dalabryggeri weisse,,sverige,500.0,25.5,2.0,4.0,1.0,Passar till fiskPassar till fågelPassar till fläskPassar till kryddstarkt,veteöl,hefeweizen,5.1
625,nils oscar,kellerbier glutenfri,sverige,330.0,23.9,4.0,4.0,1.0,Passar till fiskPassar till fågelPassar till fläskPassar till sällskapsdryck,ljus lager,zwickel,7.242424242424242
626,ängöl ljuva livets,,sverige,330.0,24.5,6.0,6.0,2.0,Passar till lammPassar till nötPassar till sällskapsdryck,ale,extra special bitter,7.424242424242425
627,fox & feathers,duckpond x freddo fox,sverige,440.0,49.7,2.0,5.0,1.0,Passar till aperitifPassar till sällskapsdryck,syrlig öl,gose och lichtenhainer,11.295454545454547
628,remmarlöv a,sour passion fruit vanill,sverige,330.0,29.9,2.0,6.0,1.0,Passar till aperitifPassar till sällskapsdryck,syrlig öl,berliner weisse,9.06060606060606
629,hibernation ale,,usa,355.0,31.9,7.0,8.0,5.0,Passar till sällskapsdryckPassar till lammPassar till nötPassar till fläsk,ale,old ale,8.985915492957746
630,stockholm festival beer,,sverige,330.0,11.9,5.0,5.0,1.0,Passar till fiskPassar till fågelPassar till fläskPassar till sällskapsdryck,ljus lager,ljus bocköl,3.6060606060606064
631,italopils,,sverige,330.0,24.9,5.0,5.0,1.0,Passar till fiskPassar till skaldjurPassar till sällskapsdryck,ljus lager,modern stil/india pale lager,7.545454545454546
632,limhamns mörk lager,,sverige,330.0,24.9,5.0,7.0,2.0,Passar till fläskPassar till lammPassar till sällskapsdryck,mörk lager,dunkel,7.545454545454546
633,ramble on,,sverige,330.0,24.9,2.0,4.0,1.0,Passar till aperitifPassar till sällskapsdryck,övrig syrlig öl,,7.545454545454546
634,miss behave,ipa,sverige,330.0,31.1,8.0,6.0,1.0,Passar till lammPassar till nötPassar till sällskapsdryck,ale,india pale ale,9.424242424242426
635,råå ipa,organic,sverige,330.0,26.7,8.0,6.0,1.0,Passar till lammPassar till nötPassar till sällskapsdryck,ale,india pale ale,8.09090909090909
636,litha blanche,,italien,750.0,67.5,2.0,5.0,2.0,Passar till sällskapsdryckPassar till fågelPassar till fläskPassar till kryddstarkt,veteöl,witbier,9.0
637,körsbär batch ii,"örebro brygghus, 2020",sverige,750.0,119.0,2.0,4.0,1.0,Passar till sällskapsdryckPassar till aperitif,övrig syrlig öl,,15.866666666666667
638,peachy bulldog,gotlands bryggeri ab,sverige,330.0,19.9,7.0,7.0,2.0,Passar till fläskPassar till lammPassar till sällskapsdryck,ale,india pale ale,6.030303030303029
639,dugges lux,,sverige,330.0,30.0,8.0,7.0,2.0,Passar till lammPassar till nötPassar till sällskapsdryck,ale,india pale ale,9.090909090909092
640,oppigårds,"sommar kellerbier, 2021",sverige,500.0,35.0,5.0,5.0,1.0,Passar till fågelPassar till fläskPassar till grönsakerPassar till sällskapsdryck,ljus lager,zwickel,7.000000000000001
641,rajraj,gose celerious,sverige,330.0,39.9,2.0,4.0,1.0,Passar till aperitifPassar till sällskapsdryckPassar till fiskPassar till skaldjur,syrlig öl,gose och lichtenhainer,12.090909090909092
642,grästorps bryggeri,billsner,sverige,330.0,29.9,5.0,5.0,2.0,Passar till fiskPassar till fågelPassar till grönsakerPassar till sällskapsdryck,ljus lager,pilsner,9.06060606060606
643,amundsen,apocalypse hazy session ipa,norge,440.0,24.9,7.0,5.0,2.0,Passar till fläskPassar till lammPassar till sällskapsdryck,ale,session ipa,5.659090909090909
644,sierra nevada,barrel-aged narwhal,usa,473.0,79.9,5.0,10.0,10.0,Passar till dessertPassar till sällskapsdryck,imperial porter och stout,,16.892177589852007
645,remmarlöv the haus pils,organic pilsner,sverige,330.0,19.9,4.0,4.0,1.0,Passar till fiskPassar till skaldjurPassar till sällskapsdryck,ljus lager,pilsner,6.030303030303029
646,fifty fifty,,sverige,330.0,35.0,2.0,6.0,1.0,Passar till sällskapsdryck,övrig syrlig öl,,10.606060606060606
647,brewski,almond walnut vanilla caramel cake,sverige,330.0,58.9,5.0,8.0,8.0,Passar till sällskapsdryck,imperial porter och stout,,17.848484848484848
648,morgondagens tårta på tårta,morgondagens bryggeri,sverige,330.0,39.9,2.0,6.0,2.0,Passar till aperitifPassar till sällskapsdryck,syrlig öl,berliner weisse,12.090909090909092
649,mikkeller,the guide,danmark,440.0,59.9,5.0,7.0,3.0,Passar till fågelPassar till fläskPassar till grönsakerPassar till sällskapsdryck,ale,new england ipa/hazy ipa,13.613636363636363
650,brygghus 19,la la lime,sverige,440.0,43.2,2.0,5.0,1.0,Passar till aperitifPassar till sällskapsdryck,övrig syrlig öl,,9.818181818181818
651,ängöl mästarpilsner,ängöl ab,sverige,330.0,20.5,7.0,6.0,1.0,Passar till sällskapsdryckPassar till fågelPassar till fläsk,ljus lager,pilsner,6.212121212121212
652,närke kulturbryggeri,örebro bitter,sverige,330.0,28.9,7.0,6.0,1.0,Passar till lammPassar till nötPassar till sällskapsdryck,ale,extra special bitter,8.757575757575758
653,dugges,candy3,sverige,330.0,70.0,6.0,11.0,11.0,Passar till sällskapsdryckPassar till dessert,imperial porter och stout,,21.21212121212121
654,dugges bang!,,sverige,330.0,70.0,4.0,9.0,9.0,Passar till ostPassar till dessertPassar till sällskapsdryck,ale,barley wine,21.21212121212121
655,jädraöl,vetefan,sverige,330.0,24.9,2.0,3.0,1.0,Passar till asiatisktPassar till buffématPassar till fågelPassar till sällskapsdryck,veteöl,witbier,7.545454545454546
656,rajraj bryggeri,cloudspotting dipa,sverige,330.0,39.9,7.0,7.0,3.0,Passar till lammPassar till nötPassar till sällskapsdryck,ale,imperial/dubbel ipa,12.090909090909092
657,duckpond,cherry pop,sverige,330.0,44.9,2.0,5.0,1.0,Passar till sällskapsdryck,syrlig öl,gose och lichtenhainer,13.606060606060606
658,stigbergets,new world pilsner,sverige,440.0,28.9,6.0,6.0,1.0,Passar till fiskPassar till fläskPassar till grönsakerPassar till sällskapsdryck,ljus lager,pilsner,6.5681818181818175
659,firestone walker,bretta rosé,usa,375.0,139.0,,,,,övrig syrlig öl,,37.06666666666666
660,nils oscar,pale ale,sverige,330.0,26.5,6.0,6.0,2.0,Passar till fågelPassar till fläskPassar till grönsakerPassar till sällskapsdryck,ale,amerikansk pale ale,8.030303030303031
661,remmarlöv,the migla hazy ipa,sverige,330.0,26.9,7.0,6.0,2.0,Passar till fläskPassar till fågelPassar till sällskapsdryck,ale,new england ipa/hazy ipa,8.15151515151515
662,sthlm brewing co.,ipa,sverige,330.0,32.9,8.0,7.0,2.0,Passar till sällskapsdryckPassar till lammPassar till nöt,ale,india pale ale,9.969696969696969
663,kallholmen,harvest time,sverige,330.0,21.8,6.0,7.0,3.0,Passar till fläskPassar till lammPassar till sällskapsdryck,ale,engelsk pale ale och bitter,6.606060606060607
664,morgondagens bappelsin,,sverige,330.0,39.9,3.0,5.0,1.0,Passar till sällskapsdryck,syrlig öl,berliner weisse,12.090909090909092
665,hönö mareld lager,hönöbryggeriet,sverige,330.0,28.9,5.0,5.0,1.0,Passar till fiskPassar till grönsakerPassar till skaldjurPassar till sällskapsdryck,ljus lager,modern stil/india pale lager,8.757575757575758
666,stigbergets glow,,sverige,440.0,44.9,7.0,6.0,2.0,Passar till lammPassar till nötPassar till sällskapsdryck,ale,india pale ale,10.204545454545453
667,make me smile,stockholm brewing co.,sverige,440.0,39.9,8.0,7.0,3.0,Passar till lammPassar till nötPassar till sällskapsdryck,ale,india pale ale,9.068181818181818
668,brewski,no nipple ipa,sverige,330.0,29.9,6.0,5.0,1.0,Passar till fågelPassar till fläskPassar till sällskapsdryckPassar till grönsaker,ale,session ipa,9.06060606060606
669,infinite mass,lager,sverige,330.0,23.8,5.0,6.0,1.0,Passar till fiskPassar till fågelPassar till sällskapsdryckPassar till grönsaker,ljus lager,modern stil/india pale lager,7.212121212121213
670,helsinge,rököl,sverige,500.0,30.0,6.0,6.0,1.0,Passar till fläskPassar till lammPassar till sällskapsdryck,mellanmörk lager,märzen och wienerstil,6.0
671,black damnation,04 coffee club,belgien,330.0,69.0,,,,,imperial porter och stout,,20.909090909090907
672,råå von pilsen,,sverige,330.0,19.6,7.0,5.0,1.0,Passar till fiskPassar till fågelPassar till fläskPassar till sällskapsdryck,ljus lager,pilsner,5.93939393939394
673,södra,mangolicious sour punch ipa,sverige,330.0,27.9,6.0,5.0,1.0,Passar till sällskapsdryck,övrig syrlig öl,,8.454545454545453
674,hop notch,måttlig brüe,sverige,440.0,34.9,8.0,5.0,1.0,Passar till fläskPassar till lammPassar till sällskapsdryck,ale,session ipa,7.931818181818182
675,brewski,nipple ipa,sverige,330.0,33.9,7.0,7.0,2.0,Passar till lammPassar till nötPassar till sällskapsdryck,ale,india pale ale,10.272727272727272
676,lipa,wermlands brygghus,sverige,330.0,29.2,7.0,7.0,3.0,Passar till fläskPassar till lammPassar till sällskapsdryck,ale,imperial/dubbel ipa,8.848484848484848
677,råå organic,rising autumn,sverige,330.0,19.9,6.0,6.0,1.0,Passar till lammPassar till fläskPassar till sällskapsdryck,ale,engelsk pale ale och bitter,6.030303030303029
678,apex,asmodeus dipa,sverige,440.0,54.9,7.0,8.0,4.0,Passar till lammPassar till nötPassar till sällskapsdryck,ale,imperial/dubbel ipa,12.477272727272727
679,stigbergets,"three headed cod, 2021",sverige,440.0,47.9,8.0,8.0,2.0,Passar till lammPassar till nötPassar till sällskapsdryck,ale,india pale ale,10.886363636363635
680,finn,modern lager,sverige,330.0,22.9,6.0,6.0,1.0,Passar till fågelPassar till fläskPassar till sällskapsdryck,ljus lager,modern stil/india pale lager,6.939393939393939
681,brännskär,brown ale,sverige,500.0,31.2,7.0,7.0,1.0,Passar till fläskPassar till lammPassar till nöt,ale,brown ale,6.239999999999999
682,öland pale ale,öpa,sverige,330.0,24.9,9.0,5.0,1.0,Passar till lammPassar till nötPassar till sällskapsdryck,ale,amerikansk pale ale,7.545454545454546
683,grebbestad,session ipa,sverige,330.0,19.8,8.0,7.0,2.0,Passar till lammPassar till nötPassar till sällskapsdryck,ale,session ipa,6.000000000000001
684,jämtlands dry hop helles,,sverige,330.0,21.9,6.0,6.0,1.0,Passar till fågelPassar till fläskPassar till sällskapsdryck,ljus lager,modern stil/india pale lager,6.636363636363636
685,coppersmith's,summer session ipa,sverige,440.0,27.5,7.0,5.0,1.0,Passar till lammPassar till nötPassar till sällskapsdryck,ale,session ipa,6.25
686,treudd ipa,waxholms bryggeri,sverige,330.0,28.9,8.0,6.0,2.0,Passar till lammPassar till nötPassar till sällskapsdryck,ale,india pale ale,8.757575757575758
687,apex,kellerpils,sverige,440.0,28.9,3.0,5.0,1.0,Passar till fiskPassar till grönsakerPassar till kryddstarktPassar till skaldjur,ljus lager,zwickel,6.5681818181818175
688,stigbergets,buñuel,sverige,330.0,37.9,2.0,5.0,1.0,Passar till aperitifPassar till sällskapsdryck,syrlig öl,gose och lichtenhainer,11.484848484848484
689,stockholm brewing,rice lager,sverige,330.0,26.0,4.0,4.0,2.0,Passar till fiskPassar till fläskPassar till grönsakerPassar till sällskapsdryck,ljus lager,internationell stil,7.878787878787878
690,morgondagens,fizzy lemon,sverige,330.0,39.9,2.0,6.0,1.0,Passar till aperitifPassar till sällskapsdryck,syrlig öl,berliner weisse,12.090909090909092
691,jämtlands weiss president,jämtlands bryggeri,sverige,330.0,24.9,2.0,4.0,1.0,Passar till fågelPassar till grönsakerPassar till kryddstarktPassar till sällskapsdryck,veteöl,hefeweizen,7.545454545454546
692,oceanbryggeriet,arbetarporter,sverige,330.0,39.8,6.0,8.0,4.0,Passar till lammPassar till nötPassar till sällskapsdryck,imperial porter och stout,,12.060606060606059
693,mellankröket ljus lager,härjebrygg,sverige,330.0,26.3,5.0,5.0,1.0,Passar till fiskPassar till fågelPassar till fläskPassar till sällskapsdryck,,,7.96969696969697
694,rådanäs california common,,sverige,330.0,24.9,6.0,6.0,2.0,Passar till fläskPassar till lammPassar till nötPassar till sällskapsdryck,mellanmörk lager,california common,7.545454545454546
695,ängöl,blåbärliner,sverige,330.0,23.9,2.0,4.0,1.0,Passar till aperitifPassar till sällskapsdryck,syrlig öl,berliner weisse,7.242424242424242
696,göteborgs nya,starkpilsner,sverige,330.0,18.1,6.0,6.0,1.0,Passar till fläskPassar till lammPassar till sällskapsdryck,ljus lager,internationell stil,5.484848484848485
697,indianviken,pale ale,sverige,500.0,31.4,8.0,7.0,2.0,Passar till lammPassar till nöt,ale,india pale ale,6.279999999999999
698,train station brewery,rhubarb raspberry zen saison,sverige,330.0,29.9,3.0,5.0,1.0,Passar till sällskapsdryck,övrig syrlig öl,,9.06060606060606
699,corsendonk,christmas ale,belgien,330.0,24.7,5.0,8.0,5.0,Passar till fläskPassar till grönsakerPassar till nötPassar till sällskapsdryck,ale,belgisk mörk ale,7.484848484848484
700,moondog float,,sverige,440.0,49.8,7.0,8.0,3.0,Passar till lammPassar till nötPassar till sällskapsdryck,ale,new england ipa/hazy ipa,11.318181818181818
701,dugges,amarillo,sverige,330.0,25.0,7.0,6.0,2.0,Passar till lammPassar till nötPassar till sällskapsdryck,ale,engelsk pale ale och bitter,7.575757575757576
702,stigbergets,ringöbräu helles,sverige,440.0,24.9,7.0,5.0,1.0,Passar till fiskPassar till fläskPassar till grönsakerPassar till sällskapsdryck,ljus lager,dortmunder och helles,5.659090909090909
703,finn,orange sun neipa,sverige,440.0,39.9,8.0,8.0,2.0,Passar till lammPassar till nötPassar till sällskapsdryck,ale,new england ipa/hazy ipa,9.068181818181818
704,untitled art,pineapple upside down sherbet,usa,475.0,49.9,2.0,8.0,10.0,Passar till dessertPassar till sällskapsdryck,övrig syrlig öl,,10.505263157894737
705,stigbergets,ringöbräu helles,sverige,440.0,24.9,7.0,5.0,1.0,Passar till fiskPassar till fläskPassar till grönsakerPassar till sällskapsdryck,ljus lager,dortmunder och helles,5.659090909090909
706,untitled art,pineapple upside down sherbet,usa,475.0,49.9,2.0,8.0,10.0,Passar till dessertPassar till sällskapsdryck,övrig syrlig öl,,10.505263157894737
707,östermalmspilsner,,sverige,440.0,35.0,4.0,5.0,1.0,Passar till sällskapsdryckPassar till fiskPassar till skaldjur,ljus lager,pilsner,7.954545454545454
708,pors & tvärs,,sverige,330.0,28.9,4.0,6.0,4.0,Passar till fläskPassar till lammPassar till nötPassar till sällskapsdryck,annan öl,öl av flera typer/stilar,8.757575757575758
709,black damnation,03 black mess,belgien,330.0,69.0,,,,,imperial porter och stout,,20.909090909090907
710,paradox,prophecy brewing,sverige,440.0,46.9,7.0,8.0,2.0,Passar till lammPassar till nötPassar till sällskapsdryck,ale,new england ipa/hazy ipa,10.659090909090908
711,trismegistus triple ipa,omnipollo,sverige,440.0,70.9,9.0,9.0,2.0,Passar till lammPassar till nötPassar till sällskapsdryck,ale,imperial/dubbel ipa,16.113636363636367
712,ahlafors asb,,sverige,330.0,27.3,7.0,7.0,1.0,Passar till lammPassar till nötPassar till sällskapsdryck,ale,extra special bitter,8.272727272727273
713,ocean kristall,oceanbryggeriet,sverige,330.0,24.5,2.0,4.0,2.0,Passar till kryddstarktPassar till grönsakerPassar till fiskPassar till fläsk,veteöl,kristallweizen,7.424242424242425
714,finn,tropical squeeze,sverige,330.0,34.9,2.0,5.0,1.0,Passar till aperitifPassar till sällskapsdryck,syrlig öl,berliner weisse,10.575757575757576
715,ocean,amber ale,sverige,330.0,24.9,4.0,6.0,3.0,Passar till grönsakerPassar till fläskPassar till lammPassar till sällskapsdryck,ale,amber ale,7.545454545454546
716,grebbestad,lager,sverige,500.0,23.0,5.0,5.0,2.0,Passar till fiskPassar till fågelPassar till fläskPassar till sällskapsdryck,ljus lager,internationell stil,4.6
717,helsingborgs,india pale ale,sverige,330.0,24.9,7.0,6.0,1.0,Passar till fläskPassar till lammPassar till nötPassar till sällskapsdryck,ale,india pale ale,7.545454545454546
718,bästa lagern,,sverige,330.0,23.5,5.0,5.0,1.0,Passar till fiskPassar till fågelPassar till fläskPassar till lamm,ljus lager,dortmunder och helles,7.121212121212121
719,folkes,pale ale,sverige,330.0,25.9,6.0,5.0,2.0,Passar till fågelPassar till fläskPassar till sällskapsdryck,ale,amerikansk pale ale,7.848484848484848
720,pripps blå julöl,,sverige,500.0,15.9,5.0,6.0,3.0,Passar till fläskPassar till lammPassar till nötPassar till sällskapsdryck,,,3.18
721,41337 session,pale ale,sverige,330.0,29.9,8.0,6.0,1.0,Passar till lammPassar till nötPassar till sällskapsdryck,ale,amerikansk pale ale,9.06060606060606
722,anders,en bitter svensk,sverige,500.0,44.3,7.0,6.0,2.0,Passar till fläskPassar till lammPassar till sällskapsdryck,ale,engelsk pale ale och bitter,8.86
723,sommarboda,emmaboda bryggeri ab,sverige,330.0,21.9,7.0,6.0,1.0,Passar till lammPassar till fläskPassar till sällskapsdryck,ale,session ipa,6.636363636363636
724,ängöl oktoberfestlig,märzen,sverige,330.0,24.5,5.0,5.0,2.0,Passar till fågelPassar till fläskPassar till sällskapsdryck,mellanmörk lager,märzen och wienerstil,7.424242424242425
725,coppersmith's,hazy ipa,sverige,330.0,27.9,8.0,8.0,2.0,Passar till lammPassar till nötPassar till sällskapsdryck,ale,new england ipa/hazy ipa,8.454545454545453
726,södra one love ipa,ekologisk,sverige,330.0,24.9,8.0,7.0,2.0,Passar till lammPassar till nötPassar till sällskapsdryck,ale,india pale ale,7.545454545454546
727,södra little rocket man,,sverige,330.0,24.9,8.0,6.0,1.0,Passar till lammPassar till nötPassar till sällskapsdryck,ale,amerikansk pale ale,7.545454545454546
728,beerbliotek,pils pls,sverige,330.0,19.9,6.0,6.0,1.0,Passar till fiskPassar till fågelPassar till sällskapsdryckPassar till skaldjur,ljus lager,pilsner,6.030303030303029
729,no half steppin',stockholm brewing co.,sverige,440.0,39.9,8.0,8.0,1.0,Passar till lammPassar till nötPassar till sällskapsdryck,ale,india pale ale,9.068181818181818
730,kicking up sand,stockholm brewing co.,sverige,440.0,39.9,8.0,7.0,1.0,Passar till lammPassar till nötPassar till sällskapsdryck,ale,india pale ale,9.068181818181818
731,the try out's,gose on berries,sverige,330.0,34.9,2.0,5.0,1.0,Passar till aperitifPassar till sällskapsdryck,övrig syrlig öl,,10.575757575757576
732,how to taco 'bout it,this is how brewery,sverige,440.0,28.9,4.0,4.0,1.0,Passar till kryddstarktPassar till buffématPassar till fläskPassar till sällskapsdryck,ljus lager,modern stil/india pale lager,6.5681818181818175
733,duckpond x frau gruber,fruit slayer,sverige,440.0,49.9,2.0,5.0,1.0,Passar till sällskapsdryck,syrlig öl,berliner weisse,11.34090909090909
734,pech-tarine,stockholm brewing,sverige,375.0,88.0,2.0,5.0,1.0,Passar till aperitifPassar till sällskapsdryck,övrig syrlig öl,,23.466666666666665
735,the glow,prophecy brewing,sverige,440.0,49.9,6.0,6.0,2.0,Passar till fläskPassar till lammPassar till sällskapsdryck,ale,new england ipa/hazy ipa,11.34090909090909
736,närke,slättöl,sverige,330.0,27.5,8.0,6.0,1.0,Passar till lammPassar till nötPassar till sällskapsdryck,ale,amerikansk pale ale,8.333333333333332
737,zorn-öl,mora bryggeri ab,sverige,330.0,24.9,7.0,6.0,1.0,Passar till fågelPassar till fläskPassar till sällskapsdryck,ale,altbier,7.545454545454546
738,fermenterarna,celebration battle: niclas,sverige,440.0,49.9,7.0,7.0,4.0,Passar till fågelPassar till fläskPassar till sällskapsdryck,ale,new england ipa/hazy ipa,11.34090909090909
739,beerbliotek,forward with the goat,sverige,330.0,27.9,7.0,6.0,1.0,Passar till fläskPassar till lammPassar till sällskapsdryck,ale,belgisk ljus ale,8.454545454545453
740,morgondagens,acrobaticats rabarber & fläder,sverige,330.0,39.9,2.0,5.0,3.0,Passar till sällskapsdryckPassar till fågelPassar till fläskPassar till asiatiskt,syrlig öl,berliner weisse,12.090909090909092
741,mango chili gose,coolhead brew,finland,330.0,47.9,2.0,4.0,1.0,Passar till sällskapsdryck,syrlig öl,gose och lichtenhainer,14.515151515151514
742,ankarudden aussie pale ale,nynäshamns ångbryggeri ab,sverige,500.0,34.1,7.0,7.0,1.0,Passar till lammPassar till fläskPassar till sällskapsdryck,ale,amerikansk pale ale,6.819999999999999
743,sotholmen stout,,sverige,500.0,28.3,7.0,8.0,1.0,Passar till lammPassar till nötPassar till sällskapsdryckPassar till vilt,torr porter och stout,,5.66
744,beerbliotek,single hop mosaic,sverige,330.0,29.9,7.0,7.0,3.0,Passar till fläskPassar till lammPassar till sällskapsdryck,ale,india pale ale,9.06060606060606
745,passion for me,,sverige,330.0,29.9,1.0,4.0,1.0,Passar till aperitifPassar till fiskPassar till grönsakerPassar till sällskapsdryck,syrlig öl,berliner weisse,9.06060606060606
746,beerbliotek,here comes the sun,sverige,330.0,25.9,7.0,7.0,1.0,Passar till sällskapsdryckPassar till lammPassar till nöt,ale,amerikansk pale ale,7.848484848484848
747,westerbottens bryggeri,nolaskogs,sverige,330.0,24.9,6.0,6.0,2.0,Passar till lammPassar till nötPassar till sällskapsdryck,mellanmörk lager,märzen och wienerstil,7.545454545454546
748,passion surne,,sverige,330.0,35.0,2.0,5.0,1.0,Passar till fiskPassar till skaldjurPassar till sällskapsdryckPassar till grönsaker,övrig syrlig öl,,10.606060606060606
749,doppler effekt,,sverige,440.0,56.3,8.0,10.0,10.0,Passar till sällskapsdryck,imperial porter och stout,,12.795454545454547
750,1797 helags amber lager,härjebrygg,sverige,330.0,29.1,6.0,6.0,1.0,Passar till fiskPassar till fågelPassar till fläskPassar till sällskapsdryck,mellanmörk lager,,8.818181818181818
751,mora,amber ale,sverige,330.0,22.0,7.0,7.0,1.0,Passar till fläskPassar till lammPassar till nötPassar till sällskapsdryck,ale,amber ale,6.666666666666667
752,oceanbryggeriet,india pale ale,sverige,500.0,31.8,8.0,7.0,2.0,Passar till fläskPassar till lammPassar till nötPassar till sällskapsdryck,ale,india pale ale,6.36
753,how to taco 'bout it,this is how brewery,sverige,440.0,28.9,4.0,4.0,1.0,Passar till kryddstarktPassar till buffématPassar till fläskPassar till sällskapsdryck,ljus lager,modern stil/india pale lager,6.5681818181818175
754,duckpond x frau gruber,fruit slayer,sverige,440.0,49.9,2.0,5.0,1.0,Passar till sällskapsdryck,syrlig öl,berliner weisse,11.34090909090909
755,south plains,american pale ale,sverige,330.0,19.9,7.0,7.0,2.0,Passar till fläskPassar till lamm,ale,amerikansk pale ale,6.030303030303029
756,sleepy bulldog,winter ale,sverige,330.0,21.9,8.0,7.0,3.0,Passar till sällskapsdryckPassar till viltPassar till lammPassar till nöt,ale,,6.636363636363636
757,lundabryggeriet,pilsner,sverige,330.0,21.5,5.0,5.0,1.0,Passar till fiskPassar till fågelPassar till fläskPassar till sällskapsdryck,ljus lager,pilsner,6.515151515151516
758,go' ipa,göteborgs nya bryggeri,sverige,330.0,24.8,8.0,6.0,3.0,Passar till lammPassar till nötPassar till sällskapsdryck,ale,india pale ale,7.515151515151515
759,helsinge schwarzbier,,sverige,500.0,30.1,7.0,6.0,2.0,Passar till lammPassar till nötPassar till sällskapsdryckPassar till vilt,mörk lager,schwarzbier,6.0200000000000005
760,burger beer,2018,sverige,330.0,26.9,9.0,6.0,1.0,Passar till lammPassar till nötPassar till sällskapsdryck,ale,amerikansk pale ale,8.15151515151515
761,gothenburg brew dipa,göteborgs nya bryggeri ab,sverige,330.0,27.9,8.0,7.0,4.0,Passar till lammPassar till nötPassar till sällskapsdryck,ale,imperial/dubbel ipa,8.454545454545453
762,koekedam,saisonstijl,belgien,330.0,24.9,6.0,5.0,1.0,Passar till fläskPassar till grönsakerPassar till sällskapsdryckPassar till ost,ale,saison,7.545454545454546
763,leksands,lager,sverige,330.0,29.9,5.0,6.0,2.0,Passar till fågelPassar till fläskPassar till lammPassar till sällskapsdryck,ljus lager,pilsner,9.06060606060606
764,göteborgs sommar lager,,sverige,330.0,18.7,5.0,4.0,1.0,Passar till fläskPassar till fågelPassar till sällskapsdryckPassar till fisk,ljus lager,internationell stil,5.666666666666666
765,södra farsta i love you,mango ipa,sverige,330.0,31.8,7.0,7.0,4.0,Passar till lammPassar till fläskPassar till sällskapsdryck,ale,india pale ale,9.636363636363637
766,coppersmith´s,munkholmens lager,sverige,500.0,29.3,5.0,6.0,2.0,Passar till fågelPassar till fläskPassar till grönsakerPassar till sällskapsdryck,mellanmörk lager,märzen och wienerstil,5.86
767,o/o & stigberget & all in brewing,business as usual ipa,sverige,500.0,54.5,8.0,8.0,3.0,Passar till lammPassar till nötPassar till sällskapsdryck,ale,india pale ale,10.9
768,brygghus 19,old school ipa,sverige,440.0,39.9,7.0,7.0,2.0,Passar till lammPassar till fläskPassar till sällskapsdryck,ale,india pale ale,9.068181818181818
769,tällbergs lager,,sverige,330.0,29.9,7.0,6.0,2.0,Passar till fläskPassar till lammPassar till sällskapsdryck,ljus lager,modern stil/india pale lager,9.06060606060606
770,highnose pilsner,höganäs bryggeri,sverige,330.0,24.9,6.0,5.0,2.0,Passar till fiskPassar till grönsakerPassar till fläskPassar till sällskapsdryck,ljus lager,pilsner,7.545454545454546
771,ängöl,kalmarporter,sverige,330.0,26.5,6.0,6.0,1.0,Passar till lammPassar till nötPassar till viltPassar till sällskapsdryck,torr porter och stout,,8.030303030303031
772,södra jordbro finest ipa,södra maltfabriken ab,sverige,330.0,24.9,7.0,7.0,2.0,Passar till fläskPassar till lammPassar till sällskapsdryck,ale,india pale ale,7.545454545454546
773,humle&dumle,qvänum mat & malt ab,sverige,330.0,35.4,3.0,6.0,1.0,Passar till fågelPassar till fläskPassar till grönsakerPassar till sällskapsdryck,ale,saison,10.727272727272727
774,dalabryggeri stout,,sverige,330.0,22.9,6.0,7.0,1.0,Passar till nötPassar till sällskapsdryckPassar till vilt,torr porter och stout,,6.939393939393939
775,jonsson,ale,sverige,500.0,43.5,7.0,6.0,2.0,Passar till fågelPassar till fläskPassar till lammPassar till sällskapsdryck,ale,golden/blond ale,8.7
776,black currant,,spanien,440.0,47.9,2.0,5.0,1.0,Passar till sällskapsdryck,övrig syrlig öl,,10.886363636363635
777,eliphas double ipa,omnipollo ab,sverige,440.0,54.9,8.0,8.0,2.0,Passar till lammPassar till nötPassar till sällskapsdryck,ale,imperial/dubbel ipa,12.477272727272727
778,kackelbryggeriet,ale,sverige,330.0,24.9,6.0,6.0,1.0,Passar till fläskPassar till lammPassar till nötPassar till sällskapsdryck,ale,engelsk pale ale och bitter,7.545454545454546
779,göteborgs go ipa,,sverige,330.0,24.9,9.0,7.0,2.0,Passar till lammPassar till nötPassar till sällskapsdryck,ale,india pale ale,7.545454545454546
780,ölandslager,,sverige,330.0,26.3,6.0,6.0,1.0,Passar till fågelPassar till fläskPassar till lammPassar till sällskapsdryck,ljus lager,modern stil/india pale lager,7.96969696969697
781,brygghus 19,schmidts lager,sverige,330.0,21.1,6.0,5.0,1.0,Passar till fläskPassar till lamm,ljus lager,dortmunder och helles,6.3939393939393945
782,pickla pils,,sverige,500.0,30.1,7.0,6.0,1.0,Passar till fågelPassar till fläskPassar till grönsakerPassar till lamm,ljus lager,pilsner,6.0200000000000005
783,rådanäs ekologiska pilsner,,sverige,330.0,24.9,8.0,6.0,1.0,Passar till fågelPassar till fläskPassar till sällskapsdryck,ljus lager,pilsner,7.545454545454546
784,1621 lejonet av norden,,sverige,330.0,22.6,6.0,5.0,1.0,Passar till sällskapsdryckPassar till fläskPassar till lammPassar till fågel,ljus lager,dortmunder och helles,6.8484848484848495
785,beerbliotek,bobek citra,sverige,330.0,26.9,8.0,7.0,1.0,Passar till lammPassar till nötPassar till sällskapsdryck,ale,amerikansk pale ale,8.15151515151515
786,wermlands lager,,sverige,330.0,19.9,,,,,ljus lager,internationell stil,6.030303030303029
787,iipa,emmaboda bryggeri ab,sverige,330.0,29.9,9.0,8.0,3.0,Passar till lammPassar till nötPassar till sällskapsdryck,ale,imperial/dubbel ipa,9.06060606060606
788,pite mango ipa,,sverige,330.0,38.0,8.0,7.0,2.0,Passar till fläskPassar till lammPassar till sällskapsdryck,ale,india pale ale,11.515151515151516
789,remmarlöv,skånsk pilsner,sverige,330.0,22.9,5.0,5.0,1.0,Passar till fiskPassar till fågelPassar till fläskPassar till sällskapsdryck,ljus lager,pilsner,6.939393939393939
790,jämtlands mango ipa,,sverige,330.0,25.9,6.0,5.0,2.0,Passar till fläskPassar till lammPassar till sällskapsdryck,ale,india pale ale,7.848484848484848
791,? frågetecken korn-vins ale,närke kulturbryggeri,sverige,330.0,42.0,5.0,8.0,8.0,Passar till dessertPassar till ostPassar till sällskapsdryck,ale,barley wine,12.727272727272727
792,en jädra sellskapsöl,,sverige,330.0,28.9,6.0,6.0,2.0,Passar till lammPassar till nötPassar till sällskapsdryck,ale,amerikansk pale ale,8.757575757575758
793,dugges ka-pow!,,sverige,330.0,70.0,5.0,9.0,8.0,Passar till ostPassar till sällskapsdryck,ale,barley wine,21.21212121212121
794,fermenterarna,celebration battle: anna,sverige,440.0,49.9,7.0,7.0,3.0,Passar till fågelPassar till fläskPassar till sällskapsdryck,ale,new england ipa/hazy ipa,11.34090909090909
795,beerbliotek,back to the middle and 'round again,sverige,330.0,34.9,9.0,8.0,3.0,Passar till lammPassar till nötPassar till sällskapsdryck,ale,imperial/dubbel ipa,10.575757575757576
796,s:t eriks,vår ipa,sverige,330.0,21.9,7.0,7.0,2.0,Passar till fiskPassar till fågelPassar till fläskPassar till sällskapsdryck,ale,india pale ale,6.636363636363636
797,northern exposure,reef - tdh tipa,sverige,440.0,65.0,8.0,9.0,3.0,Passar till lammPassar till nötPassar till sällskapsdryck,ale,imperial/dubbel ipa,14.772727272727273
798,beerbliotek,square peg round hole,sverige,330.0,32.9,5.0,8.0,3.0,Passar till fläskPassar till asiatisktPassar till lammPassar till sällskapsdryck,ale,india pale ale,9.969696969696969
799,spike brewery,summah twang,sverige,440.0,36.3,6.0,7.0,2.0,Passar till sällskapsdryckPassar till fågelPassar till fläsk,ale,amerikansk pale ale,8.249999999999998
800,fermenterarna,beyond the bills,sverige,440.0,52.9,7.0,7.0,2.0,Passar till sällskapsdryckPassar till fågelPassar till fläsk,ale,imperial/dubbel ipa,12.022727272727272
801,intergalactic tropical milkshake,,sverige,440.0,49.9,7.0,7.0,4.0,Passar till sällskapsdryckPassar till lammPassar till nöt,ale,new england ipa/hazy ipa,11.34090909090909
802,remmarlöv,moscow mule sour ale,sverige,330.0,29.9,2.0,3.0,1.0,Passar till buffématPassar till asiatisktPassar till fiskPassar till sällskapsdryck,övrig syrlig öl,,9.06060606060606
803,finn,california lager,sverige,330.0,22.9,8.0,7.0,1.0,Passar till fiskPassar till fågelPassar till fläskPassar till sällskapsdryck,mellanmörk lager,california common,6.939393939393939
804,poppels bryggeri,modern lager,sverige,330.0,21.9,5.0,5.0,1.0,Passar till fiskPassar till fläskPassar till sällskapsdryck,ljus lager,modern stil/india pale lager,6.636363636363636
805,finn,callista pils,sverige,330.0,19.9,7.0,7.0,1.0,Passar till fläskPassar till lammPassar till sällskapsdryck,ljus lager,modern stil/india pale lager,6.030303030303029
806,grästorps,pelles pils,sverige,330.0,26.7,4.0,5.0,2.0,Passar till fågelPassar till fläskPassar till sällskapsdryck,ljus lager,pilsner,8.09090909090909
807,gotlands bryggeri,white bulldog wheat ipa,sverige,330.0,25.9,7.0,7.0,2.0,Passar till fläskPassar till lammPassar till sällskapsdryckPassar till grönsaker,ale,india pale ale,7.848484848484848
808,stigbergets,middle muddle ipa,sverige,330.0,29.9,5.0,5.0,2.0,Passar till fågelPassar till fläskPassar till grönsakerPassar till sällskapsdryck,ale,india pale ale,9.06060606060606
809,morgondagens bryggeri,space fruit,sverige,330.0,39.9,3.0,4.0,1.0,Passar till sällskapsdryck,syrlig öl,berliner weisse,12.090909090909092
810,limhamns pilsner,,sverige,330.0,24.9,5.0,5.0,1.0,Passar till fiskPassar till fågelPassar till fläskPassar till sällskapsdryck,ljus lager,pilsner,7.545454545454546
811,jämtlands steamer,halvljus lager,sverige,330.0,20.6,5.0,5.0,2.0,Passar till lammPassar till nötPassar till sällskapsdryck,mellanmörk lager,california common,6.242424242424243
812,morgondagens,hockeyfrilla fizzy dizzy,sverige,330.0,39.9,2.0,5.0,1.0,Passar till aperitifPassar till sällskapsdryck,syrlig öl,berliner weisse,12.090909090909092
813,dugges,strawberry,sverige,330.0,32.0,2.0,4.0,1.0,Passar till sällskapsdryck,övrig syrlig öl,,9.696969696969697
814,åttonde mars,,sverige,330.0,34.0,2.0,4.0,1.0,Passar till fiskPassar till aperitifPassar till skaldjurPassar till sällskapsdryck,syrlig öl,berliner weisse,10.303030303030303
815,göteborgs stora starkpilsner,,sverige,750.0,49.9,6.0,6.0,2.0,Passar till fågelPassar till fläskPassar till lammPassar till sällskapsdryck,ljus lager,internationell stil,6.653333333333333
816,ängöl helt spårat,ängöl ab,sverige,330.0,24.5,7.0,6.0,1.0,Passar till sällskapsdryckPassar till fågelPassar till fläsk,ljus lager,zwickel,7.424242424242425
817,fjäderholmarnas,sunny susan,sverige,440.0,36.7,7.0,7.0,3.0,Passar till fläskPassar till lammPassar till sällskapsdryck,ale,india pale ale,8.340909090909092
818,limhamns,rabarber,sverige,330.0,28.9,3.0,5.0,1.0,Passar till fågelPassar till fläskPassar till aperitifPassar till sällskapsdryck,syrlig öl,berliner weisse,8.757575757575758
819,fashion dad dolphin wrestler,skellefteå bryggeri ab,sverige,440.0,35.4,3.0,5.0,1.0,Passar till asiatisktPassar till kryddstarktPassar till fågelPassar till fläsk,veteöl,övrig veteöl,8.045454545454545
820,limhamns,stout,sverige,330.0,32.9,6.0,7.0,2.0,Passar till lammPassar till nötPassar till sällskapsdryckPassar till vilt,torr porter och stout,,9.969696969696969
821,mexican hot chocolate imperial stout,to øl city,danmark,375.0,69.9,,,,,imperial porter och stout,,18.64
822,finn,hoptopus neipa,sverige,330.0,32.9,6.0,7.0,2.0,Passar till fläskPassar till grönsakerPassar till lammPassar till sällskapsdryck,ale,new england ipa/hazy ipa,9.969696969696969
823,dugges,orange,sverige,330.0,32.0,3.0,4.0,1.0,Passar till sällskapsdryck,övrig syrlig öl,,9.696969696969697
824,hop notch,unicorn sauce neipa,sverige,440.0,43.9,6.0,7.0,2.0,Passar till sällskapsdryckPassar till fågelPassar till fläskPassar till grönsaker,ale,new england ipa/hazy ipa,9.977272727272727
825,all together ipa,,sverige,440.0,49.9,7.0,7.0,2.0,Passar till lammPassar till nötPassar till sällskapsdryck,ale,india pale ale,11.34090909090909
826,twisted pilsner,,sverige,330.0,28.9,6.0,5.0,1.0,Passar till fläskPassar till lammPassar till nötPassar till sällskapsdryck,ljus lager,pilsner,8.757575757575758
827,jämtlands,dubbel ipa,sverige,330.0,28.9,8.0,8.0,2.0,Passar till lammPassar till nötPassar till sällskapsdryck,ale,imperial/dubbel ipa,8.757575757575758
828,black golding,,sverige,330.0,35.9,6.0,8.0,5.0,Passar till nötPassar till viltPassar till sällskapsdryck,söt porter och stout,,10.878787878787879
829,beerbliotek,follow me into the dark,sverige,330.0,25.0,7.0,7.0,1.0,Passar till lammPassar till nötPassar till viltPassar till sällskapsdryck,torr porter och stout,,7.575757575757576
830,apex trident ipa,apex brewing company,sverige,440.0,49.9,8.0,8.0,4.0,Passar till lammPassar till nötPassar till sällskapsdryck,ale,new england ipa/hazy ipa,11.34090909090909
831,chimay,vit cinq cents,belgien,750.0,89.0,6.0,8.0,2.0,Passar till fläskPassar till lammPassar till sällskapsdryck,ale,trippel,11.866666666666667
832,amundsen,everyday hero,norge,330.0,24.9,8.0,6.0,1.0,Passar till lammPassar till nöt,ale,session ipa,7.545454545454546
833,finn,brown ale,sverige,330.0,24.9,6.0,6.0,1.0,Passar till fläskPassar till nötPassar till sällskapsdryck,ale,brown ale,7.545454545454546
834,jacobsen,golden naked christmas ale,danmark,750.0,59.9,5.0,7.0,5.0,Passar till fläskPassar till lammPassar till nötPassar till sällskapsdryck,ale,strong ale,7.986666666666667
835,styles upon styles,ddh ipa,sverige,440.0,39.9,7.0,8.0,2.0,Passar till lammPassar till nötPassar till sällskapsdryck,ale,imperial/dubbel ipa,9.068181818181818
836,odd island empire,,sverige,330.0,37.9,7.0,9.0,7.0,Passar till lammPassar till nötPassar till sällskapsdryckPassar till vilt,imperial porter och stout,,11.484848484848484
837,havtorn surne,,sverige,330.0,37.0,2.0,4.0,1.0,Passar till fågelPassar till fläskPassar till sällskapsdryck,övrig syrlig öl,,11.212121212121213
838,waxholm,oktoberfest,sverige,500.0,29.9,6.0,6.0,2.0,Passar till fiskPassar till fågelPassar till fläskPassar till sällskapsdryck,ljus lager,dortmunder och helles,5.9799999999999995
839,ocean rio ipa,,sverige,330.0,25.0,7.0,8.0,4.0,Passar till lammPassar till nötPassar till sällskapsdryck,ale,india pale ale,7.575757575757576
840,halmstad brygghus,slöinge imperial kaffe stout,sverige,330.0,27.9,5.0,7.0,2.0,Passar till lammPassar till nöt,imperial porter och stout,,8.454545454545453
841,sibbarps husbryggeri pilsner,,sverige,330.0,25.5,7.0,6.0,1.0,Passar till fiskPassar till fågelPassar till skaldjurPassar till sällskapsdryck,ljus lager,pilsner,7.727272727272727
842,vega,azalea lager,sverige,330.0,24.9,4.0,4.0,1.0,Passar till fiskPassar till skaldjurPassar till sällskapsdryck,ljus lager,pilsner,7.545454545454546
843,klackabacken,elin en ipa,sverige,330.0,27.9,9.0,7.0,3.0,Passar till lammPassar till nötPassar till sällskapsdryck,ale,india pale ale,8.454545454545453
844,nääs eko weizen,,sverige,330.0,19.9,2.0,5.0,1.0,Passar till asiatisktPassar till fiskPassar till fågelPassar till sällskapsdryck,veteöl,,6.030303030303029
845,humleboda,emmaboda bryggeri ab,sverige,330.0,32.9,6.0,7.0,2.0,Passar till fågelPassar till fläskPassar till sällskapsdryck,ale,india pale ale,9.969696969696969
846,svartskägg,,sverige,330.0,21.9,6.0,6.0,1.0,Passar till fläskPassar till lammPassar till nöt,mörk lager,schwarzbier,6.636363636363636
847,o/o pretty pale ale,,sverige,330.0,27.9,7.0,7.0,2.0,Passar till lammPassar till nötPassar till sällskapsdryck,ale,amerikansk pale ale,8.454545454545453
848,nya carnegiebryggeriet,200w dipa,sverige,330.0,29.9,9.0,8.0,3.0,Passar till lammPassar till nötPassar till sällskapsdryck,ale,imperial/dubbel ipa,9.06060606060606
849,styles upon styles,ddh ipa,sverige,440.0,39.9,7.0,8.0,2.0,Passar till lammPassar till nötPassar till sällskapsdryck,ale,imperial/dubbel ipa,9.068181818181818
850,odd island empire,,sverige,330.0,37.9,7.0,9.0,7.0,Passar till lammPassar till nötPassar till sällskapsdryckPassar till vilt,imperial porter och stout,,11.484848484848484
851,havtorn surne,,sverige,330.0,37.0,2.0,4.0,1.0,Passar till fågelPassar till fläskPassar till sällskapsdryck,övrig syrlig öl,,11.212121212121213
852,waxholm,oktoberfest,sverige,500.0,29.9,6.0,6.0,2.0,Passar till fiskPassar till fågelPassar till fläskPassar till sällskapsdryck,ljus lager,dortmunder och helles,5.9799999999999995
853,ocean rio ipa,,sverige,330.0,25.0,7.0,8.0,4.0,Passar till lammPassar till nötPassar till sällskapsdryck,ale,india pale ale,7.575757575757576
854,odd island,hazie dizzie,sverige,330.0,31.9,7.0,7.0,4.0,Passar till fågelPassar till fläskPassar till sällskapsdryck,ale,new england ipa/hazy ipa,9.666666666666666
855,vega,azalea lager,sverige,330.0,24.9,4.0,4.0,1.0,Passar till fiskPassar till skaldjurPassar till sällskapsdryck,ljus lager,pilsner,7.545454545454546
856,klackabacken,elin en ipa,sverige,330.0,27.9,9.0,7.0,3.0,Passar till lammPassar till nötPassar till sällskapsdryck,ale,india pale ale,8.454545454545453
857,nääs eko weizen,,sverige,330.0,19.9,2.0,5.0,1.0,Passar till asiatisktPassar till fiskPassar till fågelPassar till sällskapsdryck,veteöl,,6.030303030303029
858,beerbliotek,west coast ipa,sverige,330.0,28.9,7.0,7.0,3.0,Passar till fläskPassar till lammPassar till sällskapsdryck,ale,india pale ale,8.757575757575758
859,an otter sour,blackcurrant,sverige,440.0,49.9,2.0,3.0,1.0,Passar till aperitifPassar till sällskapsdryck,övrig syrlig öl,,11.34090909090909
860,ipa,vega bryggeri ab,sverige,330.0,29.9,7.0,7.0,1.0,Passar till sällskapsdryckPassar till fågelPassar till fläsk,ale,india pale ale,9.06060606060606
861,jämtlands extra pale ale,,sverige,330.0,29.9,6.0,6.0,2.0,Passar till fläskPassar till lammPassar till sällskapsdryck,ale,india pale ale,9.06060606060606
862,närke kulturbryggeri,märzen,sverige,330.0,29.5,5.0,6.0,4.0,Passar till fläskPassar till lammPassar till sällskapsdryck,mellanmörk lager,märzen och wienerstil,8.93939393939394
863,brygghus 19,shady neipa,sverige,330.0,34.9,7.0,7.0,3.0,Passar till fläskPassar till lammPassar till sällskapsdryck,ale,new england ipa/hazy ipa,10.575757575757576
864,ocean cara ale,oceanbryggeriet,sverige,330.0,24.8,6.0,6.0,3.0,Passar till sällskapsdryckPassar till lammPassar till nöt,ale,engelsk pale ale och bitter,7.515151515151515
865,hop notch,hey hop ipa,sverige,440.0,39.9,7.0,7.0,2.0,Passar till sällskapsdryckPassar till lammPassar till nöt,ale,india pale ale,9.068181818181818
866,stockholm brewing,organic east coast ipa,sverige,330.0,34.0,6.0,6.0,2.0,Passar till fläskPassar till fågelPassar till grönsakerPassar till sällskapsdryck,ale,india pale ale,10.303030303030303
867,stibergets,ringöbräu maibock,sverige,440.0,29.9,6.0,8.0,2.0,Passar till fläskPassar till lammPassar till grönsakerPassar till sällskapsdryck,ljus lager,ljus bocköl,6.795454545454545
868,the try out's,berry sour beer,sverige,330.0,34.9,2.0,5.0,1.0,Passar till aperitifPassar till sällskapsdryck,övrig syrlig öl,,10.575757575757576
869,finn,west coast ipa,sverige,330.0,28.9,7.0,6.0,2.0,Passar till lammPassar till nötPassar till sällskapsdryck,ale,india pale ale,8.757575757575758
870,ipa,vega bryggeri ab,sverige,330.0,29.9,7.0,7.0,1.0,Passar till sällskapsdryckPassar till fågelPassar till fläsk,ale,india pale ale,9.06060606060606
871,bryggmästarens,mörka lager,sverige,500.0,15.9,5.0,6.0,2.0,Passar till fläskPassar till lammPassar till nötPassar till sällskapsdryck,mörk lager,dunkel,3.18
872,kallholmen,levande ale,sverige,330.0,25.2,6.0,7.0,1.0,Passar till fläskPassar till lammPassar till sällskapsdryck,ale,engelsk pale ale och bitter,7.636363636363636
873,röde orm,skånsk red ale,sverige,330.0,25.7,8.0,7.0,2.0,Passar till fläskPassar till lammPassar till nötPassar till sällskapsdryck,ale,amber ale,7.787878787878788
874,stockholm brewing,organic east coast ipa,sverige,330.0,34.0,6.0,6.0,2.0,Passar till fläskPassar till fågelPassar till grönsakerPassar till sällskapsdryck,ale,india pale ale,10.303030303030303
875,stibergets,ringöbräu maibock,sverige,440.0,29.9,6.0,8.0,2.0,Passar till fläskPassar till lammPassar till grönsakerPassar till sällskapsdryck,ljus lager,ljus bocköl,6.795454545454545
876,the try out's,berry sour beer,sverige,330.0,34.9,2.0,5.0,1.0,Passar till aperitifPassar till sällskapsdryck,övrig syrlig öl,,10.575757575757576
877,finn,west coast ipa,sverige,330.0,28.9,7.0,6.0,2.0,Passar till lammPassar till nötPassar till sällskapsdryck,ale,india pale ale,8.757575757575758
878,närke kulturbryggeri,böhmisk pilsner,sverige,330.0,26.8,6.0,6.0,1.0,Passar till fågelPassar till fläskPassar till sällskapsdryck,ljus lager,pilsner,8.121212121212121
879,nils oscar,ananananananas,sverige,330.0,24.9,2.0,4.0,1.0,Passar till aperitifPassar till sällskapsdryck,övrig syrlig öl,,7.545454545454546
880,jämtlands 1996,jämtlands bryggeri,sverige,330.0,24.9,6.0,6.0,1.0,Passar till fläskPassar till lammPassar till sällskapsdryck,ljus lager,internationell stil,7.545454545454546
881,söirli stain,snausarve gårdsbryggeri,sverige,375.0,131.8,,,,,syrlig öl,frukt,35.14666666666667
882,södra maltfabriken,södra gudfadern nikanor & spreyply tth tipa,sverige,440.0,49.9,8.0,9.0,2.0,Passar till sällskapsdryckPassar till nötPassar till lamm,ale,imperial/dubbel ipa,11.34090909090909
883,stockholm brewing,better bitter,sverige,440.0,29.0,6.0,6.0,1.0,Passar till fågelPassar till fläskPassar till grönsakerPassar till sällskapsdryck,ale,engelsk pale ale och bitter,6.59090909090909
884,wermlands,helles,sverige,330.0,24.9,5.0,5.0,1.0,Passar till fiskPassar till fågelPassar till fläskPassar till sällskapsdryck,ljus lager,dortmunder och helles,7.545454545454546
885,omnipollo hard seltzer,neophresco pineapple popsicle,sverige,330.0,35.8,3.0,2.0,3.0,Passar till sällskapsdryck,annan öl,,10.848484848484848
886,finn aussie neipa,ab brygghuset finn,sverige,500.0,49.9,9.0,7.0,1.0,Passar till lammPassar till nötPassar till sällskapsdryck,ale,new england ipa/hazy ipa,9.98
887,ipa,hantverksbryggeriet ab,sverige,330.0,28.0,7.0,7.0,2.0,Passar till lammPassar till nötPassar till sällskapsdryck,ale,india pale ale,8.484848484848486
888,halmstad,sabro hazy dipa,sverige,330.0,32.0,7.0,8.0,4.0,Passar till lammPassar till nötPassar till sällskapsdryck,ale,new england ipa/hazy ipa,9.696969696969697
889,good guys brew,peach & love,sverige,330.0,32.7,6.0,6.0,2.0,Passar till fiskPassar till fläskPassar till sällskapsdryckPassar till fågel,ale,india pale ale,9.90909090909091
890,brasserie au baron,cuvée des jonquilles,frankrike,750.0,67.5,5.0,5.0,3.0,Passar till fiskPassar till fågelPassar till fläskPassar till kryddstarkt,ale,bière de garde,9.0
891,italopils extra,,sverige,440.0,35.0,6.0,6.0,2.0,Passar till fågelPassar till fläskPassar till grönsakerPassar till sällskapsdryck,ljus lager,pilsner,7.954545454545454
892,remmarlöv,pilsner lux,sverige,330.0,22.8,5.0,5.0,1.0,Passar till fiskPassar till fläskPassar till grönsakerPassar till sällskapsdryck,ljus lager,pilsner,6.909090909090909
893,fermenterarna,i ain't no crazy horse,sverige,440.0,52.9,8.0,8.0,3.0,Passar till sällskapsdryckPassar till lammPassar till nöt,ale,imperial/dubbel ipa,12.022727272727272
894,stay true,wermlands brygghus,sverige,330.0,37.6,2.0,5.0,3.0,Passar till aperitifPassar till sällskapsdryck,syrlig öl,berliner weisse,11.393939393939394
895,under the velvet sun,hopsie daisy brewing company,sverige,330.0,30.1,6.0,7.0,3.0,Passar till fläskPassar till fågelPassar till sällskapsdryckPassar till grönsaker,ale,new england ipa/hazy ipa,9.121212121212121
896,volt,stjernsund brygghus,sverige,330.0,21.7,5.0,5.0,1.0,Passar till fläskPassar till fiskPassar till grönsakerPassar till sällskapsdryck,ale,session ipa,6.575757575757575
897,närke kulturbryggeri,asgård svartmölska,sverige,330.0,50.0,7.0,8.0,4.0,Passar till lammPassar till nötPassar till viltPassar till sällskapsdryck,annan öl,öl av flera typer/stilar,15.151515151515152
898,bröderna bommen,syster vera,sverige,330.0,30.0,8.0,7.0,2.0,Passar till lammPassar till nötPassar till sällskapsdryck,ale,india pale ale,9.090909090909092
899,o/o bruks bitter,o/o brewing,sverige,500.0,32.9,7.0,6.0,1.0,Passar till fläskPassar till lammPassar till sällskapsdryck,ale,engelsk pale ale och bitter,6.58
900,benchwarmers brewing,italian pilsner,sverige,440.0,29.9,4.0,5.0,1.0,Passar till fiskPassar till grönsakerPassar till skaldjurPassar till sällskapsdryck,ljus lager,pilsner,6.795454545454545
901,är du sur nu igen?,emmaboda bryggeri,sverige,330.0,29.5,1.0,3.0,1.0,Passar till aperitifPassar till fiskPassar till grönsakerPassar till skaldjur,syrlig öl,gose och lichtenhainer,8.93939393939394
902,charlis citrus,charlis brygghus nya,sverige,330.0,23.9,5.0,5.0,2.0,Passar till fiskPassar till fågelPassar till grönsakerPassar till sällskapsdryck,ljus lager,pilsner,7.242424242424242
903,tale of two friends apa,östersundsbryggerier,sverige,330.0,26.6,6.0,6.0,2.0,Passar till fågelPassar till fläskPassar till grönsakerPassar till sällskapsdryck,ale,amerikansk pale ale,8.06060606060606
904,o/o,citra golden ale,sverige,330.0,24.9,5.0,5.0,2.0,Passar till fågelPassar till fläskPassar till grönsakerPassar till sällskapsdryck,ale,golden/blond ale,7.545454545454546
905,fjäderholmarnas pale ale,,sverige,330.0,26.9,6.0,6.0,2.0,Passar till fågelPassar till fläskPassar till grönsakerPassar till sällskapsdryck,ale,amerikansk pale ale,8.15151515151515
906,fjäderholmarnas ramona,,sverige,440.0,38.0,8.0,8.0,2.0,Passar till lammPassar till nötPassar till sällskapsdryck,ale,india pale ale,8.636363636363637
907,brewski pi,wasser pilsner,sverige,330.0,24.9,5.0,5.0,1.0,Passar till fiskPassar till grönsakerPassar till skaldjurPassar till sällskapsdryck,ljus lager,pilsner,7.545454545454546
908,the try out's,brett saison,sverige,440.0,39.9,3.0,4.0,1.0,Passar till fiskPassar till grönsakerPassar till skaldjurPassar till sällskapsdryck,ale,saison,9.068181818181818
909,business never personal,,sverige,440.0,48.1,8.0,9.0,3.0,Passar till lammPassar till nötPassar till sällskapsdryck,ale,imperial/dubbel ipa,10.931818181818183
910,coppersmith's,westmanna smoked lager,sverige,330.0,25.5,5.0,6.0,2.0,Passar till fågelPassar till fläskPassar till grönsakerPassar till sällskapsdryck,annan öl,öl av flera typer/stilar,7.727272727272727
911,spike brewery,who dat? nelson,sverige,440.0,44.0,6.0,7.0,3.0,Passar till sällskapsdryckPassar till grönsakerPassar till fågelPassar till fläsk,ale,new england ipa/hazy ipa,10.0
912,mcbrian,ale,sverige,500.0,42.8,6.0,7.0,2.0,Passar till fågelPassar till fläskPassar till lammPassar till sällskapsdryck,ale,amber ale,8.559999999999999
913,kallholmen,levande ipa,sverige,330.0,25.1,8.0,7.0,2.0,Passar till fläskPassar till lammPassar till nötPassar till sällskapsdryck,ale,india pale ale,7.606060606060606
914,klackabacken,india pale ale,sverige,330.0,25.9,8.0,7.0,2.0,Passar till fläskPassar till lammPassar till nötPassar till sällskapsdryck,ale,india pale ale,7.848484848484848
915,klackabacken,original,sverige,330.0,23.9,7.0,6.0,1.0,Passar till fläskPassar till lammPassar till sällskapsdryck,ljus lager,modern stil/india pale lager,7.242424242424242
916,good guys brew,pilot ipa,sverige,330.0,24.8,8.0,7.0,2.0,Passar till lammPassar till nötPassar till sällskapsdryck,ale,india pale ale,7.515151515151515
917,folkes röda ipa,,sverige,330.0,29.9,8.0,6.0,1.0,Passar till lammPassar till nötPassar till sällskapsdryckPassar till vilt,ale,india pale ale,9.06060606060606
918,remmarlöv,the jeenius ipa,sverige,330.0,27.5,8.0,7.0,1.0,Passar till fläskPassar till lammPassar till nötPassar till sällskapsdryck,ale,india pale ale,8.333333333333332
919,brygghus 19,smugglarhamnens pilsner,sverige,330.0,23.9,6.0,6.0,1.0,Passar till fågelPassar till fläskPassar till sällskapsdryck,ljus lager,pilsner,7.242424242424242
920,kå:l swårtt,stout,sverige,330.0,41.3,8.0,6.0,1.0,Passar till lammPassar till nötPassar till sällskapsdryck,torr porter och stout,,12.515151515151516
921,halmstad brygghus,nissastrand session ipa,sverige,330.0,23.9,8.0,6.0,1.0,Passar till lammPassar till nötPassar till sällskapsdryck,ale,session ipa,7.242424242424242
922,halmstad brygghus,vallgatan pale ale,sverige,330.0,22.9,7.0,7.0,1.0,Passar till fläskPassar till lammPassar till sällskapsdryck,ale,amerikansk pale ale,6.939393939393939
923,helsinge,"porter, 2015",sverige,500.0,41.8,6.0,9.0,1.0,Passar till lammPassar till nötPassar till sällskapsdryck,imperial porter och stout,,8.36
924,jämtlands,american pale ale,sverige,330.0,24.9,7.0,6.0,1.0,Passar till lammPassar till nötPassar till sällskapsdryck,ale,amerikansk pale ale,7.545454545454546
925,charlis kristiansta,,sverige,330.0,25.3,,,,,ljus lager,pilsner,7.666666666666668
926,sibbarps husbryggeri rye,india pale ale,sverige,330.0,29.6,7.0,7.0,1.0,Passar till lammPassar till nötPassar till sällskapsdryck,ale,india pale ale,8.96969696969697
927,o/o porter porter,,sverige,330.0,24.9,7.0,6.0,1.0,Passar till sällskapsdryckPassar till viltPassar till nötPassar till lamm,torr porter och stout,,7.545454545454546
928,dessert in a can,neapolitan ice-cream,norge,330.0,49.9,5.0,11.0,10.0,Passar till sällskapsdryckPassar till dessert,imperial porter och stout,,15.121212121212121
929,gouden carolus hopsinjoor,,belgien,330.0,26.9,7.0,7.0,2.0,Passar till fläskPassar till lammPassar till grönsakerPassar till sällskapsdryck,ale,belgisk ljus ale,8.15151515151515
930,mora,guld pilsner,sverige,330.0,19.0,4.0,4.0,2.0,Passar till fågelPassar till fläskPassar till lamm,ljus lager,pilsner,5.757575757575758
931,epa,emmaboda bryggeri ab,sverige,330.0,22.9,9.0,7.0,1.0,Passar till lammPassar till nötPassar till sällskapsdryck,ale,amerikansk pale ale,6.939393939393939
932,frölunda,ipa,sverige,330.0,23.0,9.0,7.0,1.0,Passar till lammPassar till nötPassar till sällskapsdryck,ale,india pale ale,6.969696969696971
933,grebbestad close to water,,sverige,330.0,17.0,3.0,3.0,1.0,Passar till fiskPassar till skaldjurPassar till sällskapsdryck,ale,golden/blond ale,5.151515151515151
934,odd island hallon passion,,sverige,330.0,27.8,2.0,5.0,1.0,Passar till aperitifPassar till sällskapsdryck,övrig syrlig öl,,8.424242424242424
935,remmarlöv,neblina hazy session ipa,sverige,330.0,24.9,6.0,6.0,2.0,Passar till fiskPassar till skaldjurPassar till sällskapsdryck,ale,session ipa,7.545454545454546
936,slottskällan daily ipa,gamla slottskällans bryggeri ab,sverige,330.0,19.0,6.0,6.0,1.0,Passar till lammPassar till nötPassar till sällskapsdryck,ale,india pale ale,5.757575757575758
937,unfinished business,,sverige,440.0,44.9,7.0,8.0,4.0,Passar till lammPassar till nötPassar till sällskapsdryck,ale,imperial/dubbel ipa,10.204545454545453
938,double nipple ipa,,sverige,330.0,37.9,8.0,8.0,4.0,Passar till nötPassar till lammPassar till sällskapsdryck,ale,imperial/dubbel ipa,11.484848484848484
939,klackabacken höstbärtzen,,sverige,330.0,23.9,5.0,5.0,2.0,Passar till fågelPassar till fläskPassar till sällskapsdryck,mellanmörk lager,märzen och wienerstil,7.242424242424242
940,kvarnagårdens,redig american pale ale,sverige,330.0,29.9,6.0,6.0,1.0,Passar till fläskPassar till lammPassar till nöt,ale,amerikansk pale ale,9.06060606060606
941,östersunds nya ångbryggeri,dunkel,sverige,330.0,23.7,5.0,6.0,2.0,Passar till fläskPassar till lammPassar till nötPassar till sällskapsdryck,mörk lager,dunkel,7.1818181818181825
942,nääs hoppy sour,,sverige,330.0,24.9,2.0,5.0,1.0,Passar till fiskPassar till aperitifPassar till skaldjur,övrig syrlig öl,,7.545454545454546
943,gothenburg brew harvest ipa,göteborgs nya bryggeri,sverige,330.0,21.9,8.0,6.0,1.0,Passar till lammPassar till nötPassar till sällskapsdryck,ale,india pale ale,6.636363636363636
944,småländsk brukslager,,sverige,330.0,22.9,6.0,6.0,2.0,Passar till sällskapsdryckPassar till fågelPassar till fläsk,ljus lager,internationell stil,6.939393939393939
945,brewski,killer magpie,sverige,330.0,49.9,7.0,8.0,2.0,Passar till lammPassar till nötPassar till sällskapsdryck,ale,imperial/dubbel ipa,15.121212121212121
946,o/o,festbier,sverige,500.0,32.9,5.0,5.0,1.0,Passar till fiskPassar till grönsakerPassar till skaldjurPassar till sällskapsdryck,mellanmörk lager,märzen och wienerstil,6.58
947,fjäderholmarnas hazy ipa,,sverige,330.0,34.1,7.0,7.0,2.0,Passar till fläskPassar till grönsakerPassar till lammPassar till sällskapsdryck,ale,new england ipa/hazy ipa,10.333333333333334
948,stigbergets,nådastouten,sverige,330.0,39.9,6.0,10.0,7.0,Passar till dessertPassar till lammPassar till nötPassar till vilt,imperial porter och stout,,12.090909090909092
949,stigbergets,mega muddle,sverige,330.0,44.4,7.0,9.0,4.0,Passar till lammPassar till nötPassar till sällskapsdryck,ale,imperial/dubbel ipa,13.454545454545455
950,ipa on demand,mosaic citra simcoe,sverige,330.0,36.9,7.0,8.0,3.0,Passar till lammPassar till nötPassar till sällskapsdryck,ale,imperial/dubbel ipa,11.181818181818182
951,finn oktober festbock,,sverige,330.0,26.9,5.0,6.0,2.0,Passar till fågelPassar till fläskPassar till grönsakerPassar till sällskapsdryck,ljus lager,ljus bocköl,8.15151515151515
952,nya carnegiebryggeriet,dubbel volt,sverige,330.0,33.9,9.0,8.0,2.0,Passar till lammPassar till nötPassar till sällskapsdryck,ale,imperial/dubbel ipa,10.272727272727272
953,o/o muscles iipa,,sverige,330.0,34.9,8.0,8.0,3.0,Passar till sällskapsdryckPassar till lammPassar till nöt,ale,imperial/dubbel ipa,10.575757575757576
954,närke kulturbryggeri,dubh linn stout,sverige,330.0,26.0,7.0,7.0,2.0,Passar till lammPassar till nötPassar till sällskapsdryckPassar till vilt,torr porter och stout,,7.878787878787878
955,dugges,the river,sverige,330.0,35.0,8.0,7.0,2.0,Passar till lammPassar till nötPassar till sällskapsdryck,ale,india pale ale,10.606060606060606
956,spike brewery,ängla-pils,sverige,330.0,25.0,6.0,6.0,1.0,Passar till fågelPassar till fläskPassar till sällskapsdryckPassar till grönsaker,ljus lager,pilsner,7.575757575757576
957,wermlands brygghus,stay true punky apples,sverige,330.0,37.6,2.0,4.0,2.0,Passar till fiskPassar till grönsakerPassar till skaldjurPassar till sällskapsdryck,syrlig öl,berliner weisse,11.393939393939394
958,örebro brygghus,the try out's - imperial stout,sverige,330.0,39.9,4.0,10.0,6.0,Passar till lammPassar till nötPassar till sällskapsdryckPassar till vilt,imperial porter och stout,,12.090909090909092
959,fors,storfräsarlager,sverige,330.0,19.9,5.0,5.0,2.0,Passar till fiskPassar till fågelPassar till fläskPassar till sällskapsdryck,ljus lager,internationell stil,6.030303030303029
960,mr. wiggly,emmaboda bryggeri,sverige,330.0,32.9,6.0,6.0,3.0,Passar till fiskPassar till grönsakerPassar till fläskPassar till sällskapsdryck,ale,new england ipa/hazy ipa,9.969696969696969
961,charlis,gottis,sverige,330.0,49.9,2.0,5.0,3.0,Passar till sällskapsdryck,syrlig öl,berliner weisse,15.121212121212121
962,remmarlöv,neblina hazy session ipa,sverige,330.0,24.9,6.0,6.0,2.0,Passar till fiskPassar till skaldjurPassar till sällskapsdryck,ale,session ipa,7.545454545454546
963,gbg götheborg,,sverige,330.0,17.0,5.0,5.0,1.0,Passar till fiskPassar till fågelPassar till skaldjurPassar till sällskapsdryck,ljus lager,internationell stil,5.151515151515151
964,gothenburg brew harvest ipa,göteborgs nya bryggeri,sverige,330.0,21.9,8.0,6.0,1.0,Passar till lammPassar till nötPassar till sällskapsdryck,ale,india pale ale,6.636363636363636
965,o/o porter porter,,sverige,330.0,24.9,7.0,6.0,1.0,Passar till sällskapsdryckPassar till viltPassar till nötPassar till lamm,torr porter och stout,,7.545454545454546
966,dessert in a can,neapolitan ice-cream,norge,330.0,49.9,5.0,11.0,10.0,Passar till sällskapsdryckPassar till dessert,imperial porter och stout,,15.121212121212121
967,gouden carolus hopsinjoor,,belgien,330.0,26.9,7.0,7.0,2.0,Passar till fläskPassar till lammPassar till grönsakerPassar till sällskapsdryck,ale,belgisk ljus ale,8.15151515151515
968,östersunds nya ångbryggeri,dunkel,sverige,330.0,23.7,5.0,6.0,2.0,Passar till fläskPassar till lammPassar till nötPassar till sällskapsdryck,mörk lager,dunkel,7.1818181818181825
969,nääs hoppy sour,,sverige,330.0,24.9,2.0,5.0,1.0,Passar till fiskPassar till aperitifPassar till skaldjur,övrig syrlig öl,,7.545454545454546
970,unfinished business,,sverige,440.0,44.9,7.0,8.0,4.0,Passar till lammPassar till nötPassar till sällskapsdryck,ale,imperial/dubbel ipa,10.204545454545453
971,double nipple ipa,,sverige,330.0,37.9,8.0,8.0,4.0,Passar till nötPassar till lammPassar till sällskapsdryck,ale,imperial/dubbel ipa,11.484848484848484
972,klackabacken höstbärtzen,,sverige,330.0,23.9,5.0,5.0,2.0,Passar till fågelPassar till fläskPassar till sällskapsdryck,mellanmörk lager,märzen och wienerstil,7.242424242424242
973,wermlands,hefe-weissbier,sverige,330.0,19.9,3.0,5.0,2.0,Passar till kryddstarktPassar till grönsakerPassar till ostPassar till fågel,veteöl,hefeweizen,6.030303030303029
974,super sharp shooter,,sverige,440.0,43.9,7.0,8.0,3.0,Passar till sällskapsdryckPassar till lammPassar till nöt,ale,india pale ale,9.977272727272727
975,kvarnagårdens,redig american pale ale,sverige,330.0,29.9,6.0,6.0,1.0,Passar till fläskPassar till lammPassar till nöt,ale,amerikansk pale ale,9.06060606060606
976,halmstad,mittelfrüh märzen,sverige,330.0,23.9,6.0,6.0,2.0,Passar till fågelPassar till fläskPassar till grönsakerPassar till sällskapsdryck,mellanmörk lager,märzen och wienerstil,7.242424242424242
977,backbeat lager,,sverige,330.0,25.9,5.0,6.0,2.0,Passar till fågelPassar till fläskPassar till grönsakerPassar till sällskapsdryck,ljus lager,ljus bocköl,7.848484848484848
978,double clown supplies,,sverige,440.0,49.9,5.0,7.0,3.0,Passar till fågelPassar till fläskPassar till grönsakerPassar till sällskapsdryck,ale,new england ipa/hazy ipa,11.34090909090909
979,all in brewing x stigbergets,wheat seems to be the officer problem,sverige,330.0,32.9,5.0,5.0,2.0,Passar till fläskPassar till grönsakerPassar till kryddstarktPassar till sällskapsdryck,veteöl,hopfenweizen,9.969696969696969
980,rajraj,högtidslager,sverige,330.0,24.9,6.0,6.0,2.0,Passar till fågelPassar till fläskPassar till grönsakerPassar till sällskapsdryck,ljus lager,zwickel,7.545454545454546
981,halmstad brygghus,amber gale,sverige,330.0,23.9,6.0,7.0,2.0,Passar till fläskPassar till grönsakerPassar till lammPassar till sällskapsdryck,ale,amber ale,7.242424242424242
982,göteborgs,lakritsstout,sverige,330.0,39.9,5.0,11.0,10.0,Passar till sällskapsdryck,imperial porter och stout,,12.090909090909092
983,ahlafors oktoberfest,,sverige,330.0,24.9,5.0,6.0,1.0,Passar till fiskPassar till fågelPassar till fläskPassar till sällskapsdryck,mellanmörk lager,märzen och wienerstil,7.545454545454546
984,rajraj,stationens pale ale,sverige,330.0,24.9,6.0,6.0,2.0,Passar till fläskPassar till lammPassar till sällskapsdryck,ale,engelsk pale ale och bitter,7.545454545454546
985,skebo,bruksöl,sverige,500.0,30.5,6.0,7.0,2.0,Passar till fågelPassar till fläskPassar till lammPassar till sällskapsdryck,ale,golden/blond ale,6.1
986,oceanbryggeriet,göteborgsporter,sverige,500.0,32.9,6.0,7.0,1.0,Passar till lammPassar till nöt,torr porter och stout,,6.58
987,finn,citraic ipa,sverige,330.0,28.9,7.0,8.0,2.0,Passar till lammPassar till nötPassar till sällskapsdryck,ale,india pale ale,8.757575757575758
988,helsingborgs,amber ale,sverige,330.0,22.9,7.0,7.0,1.0,Passar till fläskPassar till lammPassar till sällskapsdryck,ale,amber ale,6.939393939393939
989,eskilstuna ölkultur,stolt lager,sverige,330.0,22.6,5.0,6.0,1.0,Passar till fiskPassar till fläskPassar till grönsakerPassar till sällskapsdryck,ljus lager,pilsner,6.8484848484848495
990,höganäs,american pale ale,sverige,330.0,29.9,6.0,6.0,2.0,Passar till fläskPassar till lamm,ale,amerikansk pale ale,9.06060606060606
991,nääs,lager,sverige,330.0,20.9,6.0,5.0,1.0,Passar till fågelPassar till fläsk,ljus lager,pilsner,6.333333333333332
992,westerbottens bryggeri,vithatten,sverige,330.0,24.9,3.0,4.0,1.0,Passar till asiatisktPassar till fiskPassar till fågelPassar till fläsk,veteöl,hefeweizen,7.545454545454546
993,halmstad brygghus,alet west coast ipa,sverige,330.0,27.9,9.0,7.0,4.0,Passar till lammPassar till nötPassar till sällskapsdryck,ale,india pale ale,8.454545454545453
994,westerbottens bryggeri,röbäck,sverige,330.0,27.7,6.0,7.0,2.0,Passar till lammPassar till nötPassar till sällskapsdryck,ale,irländsk ale,8.393939393939394
995,fryken havre,ale,sverige,330.0,26.9,6.0,6.0,1.0,Passar till lammPassar till nötPassar till sällskapsdryck,ale,extra special bitter,8.15151515151515
996,cada dia,ipa,sverige,330.0,29.7,10.0,7.0,2.0,Passar till lammPassar till nötPassar till sällskapsdryck,ale,india pale ale,9.0
997,daglönarens dröm,,sverige,330.0,29.9,9.0,7.0,1.0,Passar till lammPassar till nötPassar till sällskapsdryck,ale,amerikansk pale ale,9.06060606060606
998,ensta mörk lager,,sverige,330.0,27.0,6.0,6.0,2.0,Passar till lammPassar till nötPassar till sällskapsdryck,mörk lager,schwarzbier,8.181818181818182
999,eskilstuna ölkultur,ipa,sverige,330.0,26.6,9.0,7.0,1.0,Passar till lammPassar till nötPassar till sällskapsdryck,ale,india pale ale,8.06060606060606
1000,ocean,pils,sverige,330.0,20.8,6.0,6.0,2.0,Passar till sällskapsdryckPassar till fågelPassar till fläsk,ljus lager,pilsner,6.303030303030304
1001,limhamns,ipa,sverige,330.0,29.9,9.0,7.0,2.0,Passar till lammPassar till nötPassar till sällskapsdryckPassar till vilt,ale,india pale ale,9.06060606060606
1002,citrauvin american pale ale,odd island brewing co,sverige,330.0,25.9,7.0,7.0,1.0,Passar till lammPassar till nötPassar till sällskapsdryck,ale,amerikansk pale ale,7.848484848484848
1003,spike,,sverige,330.0,28.4,6.0,6.0,2.0,Passar till fågelPassar till fläskPassar till sällskapsdryck,ale,session ipa,8.606060606060606
1004,nighting-ale ipa,kackelstugan ab,sverige,330.0,28.0,8.0,6.0,1.0,Passar till fläskPassar till lammPassar till sällskapsdryck,ale,india pale ale,8.484848484848486
1005,charlis älvdans,lätt pale ale,sverige,330.0,25.5,8.0,7.0,1.0,Passar till lammPassar till nötPassar till sällskapsdryck,ale,amerikansk pale ale,7.727272727272727
1006,jämtlands president,ljus lager,sverige,330.0,20.6,4.0,4.0,1.0,Passar till fiskPassar till fågelPassar till fläskPassar till sällskapsdryck,ljus lager,pilsner,6.242424242424243
1007,wermlands,kaffestout,sverige,330.0,25.1,7.0,7.0,1.0,Passar till lammPassar till nötPassar till vilt,torr porter och stout,,7.606060606060606
1008,dalabryggeri,american brown ale,sverige,330.0,20.7,8.0,5.0,1.0,Passar till lammPassar till nötPassar till sällskapsdryck,ale,brown ale,6.2727272727272725
1009,limhamns,lager,sverige,330.0,24.9,4.0,4.0,1.0,Passar till fiskPassar till fågelPassar till fläskPassar till sällskapsdryck,,,7.545454545454546
1010,varamon motala pilsner,2016,sverige,330.0,25.0,5.0,5.0,1.0,Passar till fiskPassar till fågelPassar till fläskPassar till sällskapsdryck,ljus lager,pilsner,7.575757575757576
1011,lilla edet bryggeri,slussen 1607,sverige,330.0,28.9,5.0,7.0,2.0,Passar till lammPassar till nötPassar till fläskPassar till sällskapsdryck,ale,india pale ale,8.757575757575758
1012,dugges,black currant,sverige,330.0,30.0,2.0,4.0,1.0,Passar till aperitifPassar till sällskapsdryck,övrig syrlig öl,,9.090909090909092
1013,eskilstuna ölkultur,ipa,sverige,330.0,26.6,9.0,7.0,1.0,Passar till lammPassar till nötPassar till sällskapsdryck,ale,india pale ale,8.06060606060606
1014,sälens fjällbryggeri,fjäll-plzner,sverige,330.0,24.9,5.0,6.0,2.0,Passar till sällskapsdryckPassar till fiskPassar till fågelPassar till fläsk,ljus lager,pilsner,7.545454545454546
1015,remmarlöv,eslöfs lager,sverige,330.0,21.9,6.0,6.0,2.0,Passar till fågelPassar till fläskPassar till sällskapsdryck,ljus lager,dortmunder och helles,6.636363636363636
1016,wild beer,fruitbooter,storbritannien,330.0,49.9,,,,,övrig syrlig öl,,15.121212121212121
1017,o/o anniversary,baltic porter 2021,sverige,330.0,69.9,6.0,10.0,8.0,Passar till nötPassar till viltPassar till sällskapsdryck,imperial porter och stout,,21.181818181818183
1018,dugges,the fort,sverige,330.0,35.0,7.0,6.0,2.0,Passar till fågelPassar till fläskPassar till sällskapsdryck,ale,india pale ale,10.606060606060606
1019,tappad,spike brewery,sverige,440.0,42.5,8.0,7.0,2.0,Passar till lammPassar till nötPassar till sällskapsdryck,ale,india pale ale,9.659090909090908
1020,dugges,the fort,sverige,330.0,35.0,7.0,6.0,2.0,Passar till fågelPassar till fläskPassar till sällskapsdryck,ale,india pale ale,10.606060606060606
1021,tappad,spike brewery,sverige,440.0,42.5,8.0,7.0,2.0,Passar till lammPassar till nötPassar till sällskapsdryck,ale,india pale ale,9.659090909090908
1022,beerbliotek,crossing the streams in the dark,sverige,330.0,31.9,7.0,7.0,2.0,Passar till lammPassar till nötPassar till viltPassar till sällskapsdryck,ale,black ipa,9.666666666666666
1023,brygghus 19,californication ddh edition,sverige,440.0,36.9,7.0,6.0,2.0,Passar till fläskPassar till lammPassar till sällskapsdryck,ale,amerikansk pale ale,8.386363636363637
1024,ocean california common,,sverige,330.0,24.9,7.0,5.0,2.0,Passar till fågelPassar till fläskPassar till sällskapsdryck,mellanmörk lager,california common,7.545454545454546
1025,proof,kissing giants prickly pear margarita gose,usa,355.0,29.8,2.0,3.0,2.0,Passar till aperitifPassar till buffématPassar till sällskapsdryck,syrlig öl,gose och lichtenhainer,8.3943661971831
1026,good guys brew,white spring,sverige,330.0,19.9,2.0,5.0,2.0,Passar till fiskPassar till grönsakerPassar till kryddstarktPassar till sällskapsdryck,veteöl,witbier,6.030303030303029
1027,fermenterarna ipa,,sverige,440.0,49.9,7.0,7.0,3.0,Passar till lammPassar till nötPassar till sällskapsdryck,ale,new england ipa/hazy ipa,11.34090909090909
1028,original nuttahs,,sverige,440.0,34.7,6.0,6.0,2.0,Passar till fågelPassar till fläskPassar till sällskapsdryckPassar till fisk,ale,amerikansk pale ale,7.886363636363638
1029,remmarlöv,the winter ale organic,sverige,330.0,24.5,7.0,7.0,2.0,Passar till fläskPassar till lammPassar till nötPassar till sällskapsdryck,ale,amber ale,7.424242424242425
1030,abita,christmas ale,usa,355.0,25.9,7.0,7.0,2.0,Passar till fläskPassar till lammPassar till nötPassar till sällskapsdryck,ale,brown ale,7.295774647887324
1031,mora bryggeri oktoberfest,,sverige,330.0,23.9,6.0,6.0,1.0,Passar till fågelPassar till fläskPassar till sällskapsdryck,ljus lager,pilsner,7.242424242424242
1032,organic wheat beer,,sverige,330.0,22.9,2.0,4.0,2.0,Passar till asiatisktPassar till fiskPassar till fågelPassar till sällskapsdryck,veteöl,hopfenweizen,6.939393939393939
1033,nääs,imperial stout,sverige,330.0,34.9,7.0,9.0,6.0,Passar till lammPassar till nötPassar till viltPassar till sällskapsdryck,imperial porter och stout,,10.575757575757576
1034,westerbottens bryggeri snöan,westerbottens bryggeri ab,sverige,330.0,29.9,6.0,6.0,3.0,Passar till fläskPassar till lammPassar till nötPassar till sällskapsdryck,ale,skotsk ale,9.06060606060606
1035,nääs,imperial stout,sverige,330.0,34.9,7.0,9.0,6.0,Passar till lammPassar till nötPassar till viltPassar till sällskapsdryck,imperial porter och stout,,10.575757575757576
1036,westerbottens bryggeri snöan,westerbottens bryggeri ab,sverige,330.0,29.9,6.0,6.0,3.0,Passar till fläskPassar till lammPassar till nötPassar till sällskapsdryck,ale,skotsk ale,9.06060606060606
1037,remmarlöv gårdsbryggeri,the crimson organic red ale,sverige,330.0,22.9,7.0,7.0,1.0,Passar till lammPassar till nötPassar till sällskapsdryck,ale,amber ale,6.939393939393939
1038,four stroke ipa,,sverige,330.0,33.7,8.0,8.0,1.0,Passar till lammPassar till nötPassar till sällskapsdryck,ale,india pale ale,10.212121212121213
1039,mora,kölner bier,sverige,330.0,22.0,7.0,6.0,1.0,Passar till fläskPassar till lammPassar till nötPassar till sällskapsdryck,,,6.666666666666667
1040,stigbergets,amazing haze non plus ultra,sverige,440.0,45.0,8.0,8.0,3.0,Passar till lammPassar till nötPassar till sällskapsdryck,ale,imperial/dubbel ipa,10.227272727272728
1041,spike brewery,likwidated,sverige,440.0,42.6,8.0,7.0,3.0,Passar till lammPassar till nötPassar till sällskapsdryck,ale,india pale ale,9.681818181818182
1042,charlis nya ängland,,sverige,330.0,34.9,4.0,7.0,1.0,Passar till fläskPassar till grönsakerPassar till lammPassar till sällskapsdryck,ale,new england ipa/hazy ipa,10.575757575757576
1043,pilsner,benchwarmers brewing co ab,sverige,440.0,24.9,7.0,6.0,1.0,Passar till fläskPassar till lamm,ljus lager,pilsner,5.659090909090909
1044,remmarlöv mojo pale ale,remmarlöv gårdsbryggeri,sverige,440.0,32.9,7.0,6.0,2.0,Passar till lammPassar till nötPassar till sällskapsdryck,ale,amerikansk pale ale,7.477272727272727
1045,helgedomen s:ta karin,barlingbo bryggeri,sverige,700.0,149.0,4.0,9.0,3.0,Passar till lammPassar till nötPassar till ostPassar till vilt,ale,belgisk mörk ale,21.285714285714285
1046,lovefever,,sverige,330.0,32.0,2.0,4.0,1.0,Passar till sällskapsdryck,övrig syrlig öl,,9.696969696969697
1047,helsingborgs chilipeppar,helsingborgs bryggeri,sverige,330.0,23.8,5.0,5.0,1.0,Passar till fågelPassar till fläskPassar till sällskapsdryck,annan öl,öl av flera typer/stilar,7.212121212121213
1048,stenson qpa,,sverige,500.0,45.9,8.0,7.0,3.0,Passar till lammPassar till nötPassar till sällskapsdryck,ale,india pale ale,9.18
1049,nääs pale ale,,sverige,330.0,19.9,8.0,6.0,1.0,Passar till lammPassar till nötPassar till sällskapsdryck,ale,amerikansk pale ale,6.030303030303029
1050,hip to the hop,,sverige,330.0,39.9,2.0,3.0,1.0,Passar till aperitifPassar till fiskPassar till skaldjurPassar till grönsaker,övrig syrlig öl,,12.090909090909092
1051,good guys brew,värmlands guld,sverige,330.0,15.0,4.0,4.0,1.0,Passar till fiskPassar till grönsakerPassar till skaldjurPassar till sällskapsdryck,ljus lager,internationell stil,4.545454545454546
1052,brewski,shart ipa,sverige,330.0,44.9,5.0,7.0,2.0,Passar till fågelPassar till fläskPassar till grönsakerPassar till sällskapsdryck,ale,india pale ale,13.606060606060606
1053,okt festbier,,sverige,330.0,29.9,4.0,6.0,2.0,Passar till fläskPassar till lammPassar till sällskapsdryck,mellanmörk lager,märzen och wienerstil,9.06060606060606
1054,limhamns,brown ale,sverige,330.0,28.9,5.0,7.0,2.0,Passar till fläskPassar till grönsakerPassar till lammPassar till sällskapsdryck,ale,brown ale,8.757575757575758
1055,remmarlöv gårdsbryggeri,the crimson organic red ale,sverige,330.0,22.9,7.0,7.0,1.0,Passar till lammPassar till nötPassar till sällskapsdryck,ale,amber ale,6.939393939393939
1056,four stroke ipa,,sverige,330.0,33.7,8.0,8.0,1.0,Passar till lammPassar till nötPassar till sällskapsdryck,ale,india pale ale,10.212121212121213
1057,mora,kölner bier,sverige,330.0,22.0,7.0,6.0,1.0,Passar till fläskPassar till lammPassar till nötPassar till sällskapsdryck,,,6.666666666666667
1058,stigbergets,amazing haze non plus ultra,sverige,440.0,45.0,8.0,8.0,3.0,Passar till lammPassar till nötPassar till sällskapsdryck,ale,imperial/dubbel ipa,10.227272727272728
1059,spike brewery,likwidated,sverige,440.0,42.6,8.0,7.0,3.0,Passar till lammPassar till nötPassar till sällskapsdryck,ale,india pale ale,9.681818181818182
1060,charlis nya ängland,,sverige,330.0,34.9,4.0,7.0,1.0,Passar till fläskPassar till grönsakerPassar till lammPassar till sällskapsdryck,ale,new england ipa/hazy ipa,10.575757575757576
1061,pilsner,benchwarmers brewing co ab,sverige,440.0,24.9,7.0,6.0,1.0,Passar till fläskPassar till lamm,ljus lager,pilsner,5.659090909090909
1062,remmarlöv mojo pale ale,remmarlöv gårdsbryggeri,sverige,440.0,32.9,7.0,6.0,2.0,Passar till lammPassar till nötPassar till sällskapsdryck,ale,amerikansk pale ale,7.477272727272727
1063,helgedomen s:ta karin,barlingbo bryggeri,sverige,700.0,149.0,4.0,9.0,3.0,Passar till lammPassar till nötPassar till ostPassar till vilt,ale,belgisk mörk ale,21.285714285714285
1064,lovefever,,sverige,330.0,32.0,2.0,4.0,1.0,Passar till sällskapsdryck,övrig syrlig öl,,9.696969696969697
1065,coppersmith's,britter,sverige,500.0,28.9,7.0,6.0,1.0,Passar till fläskPassar till lammPassar till nötPassar till sällskapsdryck,ale,engelsk pale ale och bitter,5.779999999999999
1066,närke,saison,sverige,330.0,34.9,4.0,6.0,2.0,Passar till fågelPassar till fläskPassar till grönsakerPassar till sällskapsdryck,ale,saison,10.575757575757576
1067,duckpond brewing,tropical tea,sverige,440.0,49.9,2.0,4.0,1.0,Passar till aperitifPassar till sällskapsdryck,syrlig öl,berliner weisse,11.34090909090909
1068,coppersmith's triple dry hopped misty ipa,coppersmith's,sverige,440.0,45.9,5.0,6.0,2.0,Passar till fågelPassar till fläskPassar till grönsakerPassar till sällskapsdryck,ale,new england ipa/hazy ipa,10.431818181818182
1069,sälens fjällbryggeri,sälen pale ale,sverige,330.0,24.9,4.0,5.0,1.0,Passar till sällskapsdryck,ale,amerikansk pale ale,7.545454545454546
1070,westerbottens bryggeri,hummelholm,sverige,330.0,29.7,8.0,6.0,1.0,Passar till fläskPassar till lammPassar till nötPassar till sällskapsdryck,ale,india pale ale,9.0
1071,hayley,india pale ale,sverige,330.0,26.8,8.0,6.0,3.0,Passar till lammPassar till nötPassar till sällskapsdryck,ale,india pale ale,8.121212121212121
1072,amundsen,chuggernaut hazy session ipa,norge,440.0,36.9,7.0,6.0,2.0,Passar till fågelPassar till fläskPassar till sällskapsdryck,ale,session ipa,8.386363636363637
1073,stjernsund brygghus,wulf,sverige,330.0,29.9,6.0,6.0,3.0,Passar till fågelPassar till fläskPassar till fiskPassar till sällskapsdryck,ale,new england ipa/hazy ipa,9.06060606060606
1074,jädraöl ipa,,sverige,330.0,27.9,10.0,6.0,1.0,Passar till lammPassar till nötPassar till sällskapsdryck,ale,india pale ale,8.454545454545453
1075,backens lager,,sverige,330.0,26.7,5.0,5.0,1.0,Passar till fläskPassar till lammPassar till sällskapsdryck,ljus lager,pilsner,8.09090909090909
1076,nääs dipa,,sverige,330.0,32.9,10.0,7.0,1.0,Passar till nötPassar till sällskapsdryckPassar till vilt,ale,imperial/dubbel ipa,9.969696969696969
1077,nääs apa,,sverige,330.0,26.9,9.0,7.0,2.0,Passar till lammPassar till nötPassar till sällskapsdryck,ale,amerikansk pale ale,8.15151515151515
1078,charlis ipanema,american pale ale,sverige,330.0,27.7,,,,,ale,india pale ale,8.393939393939394
1079,cb's session ipa,india pale ale,sverige,330.0,26.9,8.0,6.0,1.0,Passar till lammPassar till nötPassar till sällskapsdryck,ale,session ipa,8.15151515151515
1080,remmarlöv,prima vera,sverige,440.0,26.9,3.0,5.0,2.0,Passar till fågelPassar till fläskPassar till sällskapsdryck,ale,belgisk ljus ale,6.113636363636363
1081,jädraöl ipa,,sverige,330.0,27.9,10.0,6.0,1.0,Passar till lammPassar till nötPassar till sällskapsdryck,ale,india pale ale,8.454545454545453
1082,backens lager,,sverige,330.0,26.7,5.0,5.0,1.0,Passar till fläskPassar till lammPassar till sällskapsdryck,ljus lager,pilsner,8.09090909090909
1083,nääs dipa,,sverige,330.0,32.9,10.0,7.0,1.0,Passar till nötPassar till sällskapsdryckPassar till vilt,ale,imperial/dubbel ipa,9.969696969696969
1084,nääs apa,,sverige,330.0,26.9,9.0,7.0,2.0,Passar till lammPassar till nötPassar till sällskapsdryck,ale,amerikansk pale ale,8.15151515151515
1085,charlis ipanema,american pale ale,sverige,330.0,27.7,,,,,ale,india pale ale,8.393939393939394
1086,cb's session ipa,india pale ale,sverige,330.0,26.9,8.0,6.0,1.0,Passar till lammPassar till nötPassar till sällskapsdryck,ale,session ipa,8.15151515151515
1087,sibbarps husbryggeri citra,india pale ale,sverige,330.0,29.0,8.0,6.0,1.0,Passar till lammPassar till nötPassar till sällskapsdryck,ale,india pale ale,8.787878787878787
1088,wermland swipa,,sverige,330.0,26.4,9.0,7.0,1.0,Passar till lammPassar till nötPassar till sällskapsdryck,ale,india pale ale,8.0
1089,charlis,ipaipa,sverige,330.0,30.9,10.0,8.0,3.0,Passar till lammPassar till nötPassar till vilt,ale,imperial/dubbel ipa,9.363636363636363
1090,pite pale ale,,sverige,330.0,37.5,5.0,6.0,1.0,Passar till fläskPassar till lammPassar till nötPassar till sällskapsdryck,ale,engelsk pale ale och bitter,11.363636363636363
1091,kaakao kaakao,,sverige,330.0,49.8,5.0,8.0,5.0,Passar till dessertPassar till sällskapsdryck,imperial porter och stout,,15.090909090909092
1092,amundsen,chuggernaut hazy session ipa,norge,440.0,36.9,7.0,6.0,2.0,Passar till fågelPassar till fläskPassar till sällskapsdryck,ale,session ipa,8.386363636363637
1093,stjernsund brygghus,wulf,sverige,330.0,29.9,6.0,6.0,3.0,Passar till fågelPassar till fläskPassar till fiskPassar till sällskapsdryck,ale,new england ipa/hazy ipa,9.06060606060606
1094,hayley,india pale ale,sverige,330.0,26.8,8.0,6.0,3.0,Passar till lammPassar till nötPassar till sällskapsdryck,ale,india pale ale,8.121212121212121
1095,barlingbo bryggeri,kalkstenshawaii,sverige,330.0,25.9,5.0,5.0,1.0,Passar till fågelPassar till fläskPassar till sällskapsdryck,ale,amerikansk pale ale,7.848484848484848
1096,jämtlands,coffee stout,sverige,330.0,28.9,7.0,9.0,6.0,Passar till lammPassar till nötPassar till sällskapsdryckPassar till vilt,imperial porter och stout,,8.757575757575758
1097,folkes oktoberfest,,sverige,330.0,26.0,6.0,6.0,2.0,Passar till fågelPassar till fläskPassar till sällskapsdryck,mellanmörk lager,märzen och wienerstil,7.878787878787878
1098,limhamns dipa,,sverige,330.0,34.9,8.0,8.0,3.0,Passar till lammPassar till nötPassar till sällskapsdryck,ale,imperial/dubbel ipa,10.575757575757576
1099,who dat? sabron,spike brewery,sverige,440.0,42.8,6.0,7.0,3.0,Passar till fläskPassar till lammPassar till sällskapsdryck,ale,new england ipa/hazy ipa,9.727272727272727
1100,ocean nya zeeland ipa,oceanbryggeriet,sverige,330.0,24.9,7.0,7.0,2.0,Passar till lammPassar till nötPassar till sällskapsdryck,ale,india pale ale,7.545454545454546
1101,folkes slusslager,aktiebolaget centralbryggeriet i linköping,sverige,330.0,24.0,5.0,5.0,1.0,Passar till fiskPassar till fågelPassar till grönsakerPassar till sällskapsdryck,ljus lager,pilsner,7.2727272727272725
1102,fryken äppelöl,västra ämterviks bryggeri,sverige,330.0,29.9,3.0,4.0,1.0,Passar till fågelPassar till fläskPassar till sällskapsdryck,övrig syrlig öl,,9.06060606060606
1103,fjäderholmarnas,in i dimman,sverige,330.0,36.8,7.0,7.0,3.0,Passar till fläskPassar till lammPassar till nötPassar till sällskapsdryck,ale,india pale ale,11.15151515151515
1104,no monkey business apa,,sverige,330.0,25.9,8.0,6.0,2.0,Passar till lammPassar till nötPassar till sällskapsdryck,ale,amerikansk pale ale,7.848484848484848
1105,andra sidan,,sverige,330.0,33.9,5.0,8.0,5.0,Passar till lammPassar till nötPassar till viltPassar till sällskapsdryck,ale,skotsk ale,10.272727272727272
1106,remmarlöv,tire kicker ipa,sverige,330.0,26.5,8.0,7.0,1.0,Passar till fläskPassar till lammPassar till sällskapsdryck,ale,india pale ale,8.030303030303031
1107,o/o 50/50 mosaic/nelson sauvin ipa,,sverige,440.0,44.9,8.0,8.0,4.0,Passar till lammPassar till nötPassar till sällskapsdryck,ale,new england ipa/hazy ipa,10.204545454545453
1108,göteborgs summer pale ale,,sverige,330.0,19.7,7.0,7.0,3.0,Passar till lammPassar till nötPassar till sällskapsdryck,ale,amerikansk pale ale,5.969696969696969
1109,finn,rapsody hazy ipa,sverige,330.0,25.9,6.0,5.0,1.0,Passar till fiskPassar till fläskPassar till grönsakerPassar till sällskapsdryck,ale,session ipa,7.848484848484848
1110,lilla edet bryggeri,fatheads,sverige,330.0,34.9,8.0,8.0,3.0,Passar till lammPassar till nötPassar till sällskapsdryck,ale,imperial/dubbel ipa,10.575757575757576
1111,coma,två feta grisar ab,sverige,330.0,34.5,8.0,8.0,4.0,Passar till lammPassar till nötPassar till sällskapsdryck,ale,imperial/dubbel ipa,10.454545454545453
1112,finn,wild side apa,sverige,330.0,27.9,7.0,7.0,1.0,Passar till fläskPassar till lammPassar till sällskapsdryck,ale,amerikansk pale ale,8.454545454545453
1113,the vicious vultures,mexican lager,sverige,330.0,19.8,5.0,5.0,2.0,Passar till fiskPassar till fågelPassar till fläskPassar till sällskapsdryck,ljus lager,internationell stil,6.000000000000001
1114,slottskällan,british ale,sverige,500.0,26.5,5.0,5.0,2.0,Passar till fläskPassar till lammPassar till sällskapsdryck,ale,engelsk pale ale och bitter,5.3
1115,gårdsöl,,sverige,330.0,32.3,7.0,7.0,3.0,Passar till fläskPassar till lammPassar till sällskapsdryck,ale,extra special bitter,9.787878787878787
1116,naja hazy ipa,uppsala brygghus,sverige,330.0,29.9,7.0,7.0,2.0,Passar till fläskPassar till lammPassar till sällskapsdryck,ale,new england ipa/hazy ipa,9.06060606060606
1117,ett jädra surkart,,sverige,330.0,29.9,2.0,4.0,1.0,Passar till aperitifPassar till sällskapsdryck,övrig syrlig öl,,9.06060606060606
1118,halmstad brygghus,nelson sauvin pilsner,sverige,330.0,21.9,6.0,6.0,2.0,Passar till fågelPassar till fläskPassar till grönsakerPassar till sällskapsdryck,ljus lager,pilsner,6.636363636363636
1119,sigtuna new pils,,sverige,330.0,23.9,5.0,5.0,1.0,Passar till fiskPassar till fågelPassar till grönsakerPassar till sällskapsdryck,ljus lager,pilsner,7.242424242424242
1120,lilla edet bryggeri hope for the wild salmon,grästorps bryggeri,sverige,330.0,36.9,7.0,7.0,2.0,Passar till lammPassar till nötPassar till sällskapsdryck,ale,new england ipa/hazy ipa,11.181818181818182
1121,tripel 2.0,,sverige,330.0,32.2,5.0,8.0,4.0,Passar till fågelPassar till fläskPassar till ostPassar till sällskapsdryck,ale,trippel,9.757575757575758
1122,ahlafors,tids nog,sverige,330.0,21.9,7.0,5.0,1.0,Passar till lammPassar till nötPassar till sällskapsdryck,ale,session ipa,6.636363636363636
1123,duckpond hazy hustler,duckpond brewing,sverige,440.0,49.9,7.0,7.0,3.0,Passar till fläskPassar till lammPassar till sällskapsdryck,ale,india pale ale,11.34090909090909
1124,rio special pale ale,oceanbryggeriet,sverige,330.0,24.8,6.0,7.0,2.0,Passar till fläskPassar till grönsakerPassar till lammPassar till sällskapsdryck,ale,extra special bitter,7.515151515151515
1125,the try out's,session ipa idaho 7/el dorado,sverige,500.0,44.9,6.0,5.0,1.0,Passar till fågelPassar till fläskPassar till grönsakerPassar till sällskapsdryck,ale,session ipa,8.979999999999999
1126,revsunds,cheese goggles,sverige,330.0,32.4,6.0,6.0,3.0,Passar till fågelPassar till fläskPassar till grönsakerPassar till sällskapsdryck,ale,new england ipa/hazy ipa,9.818181818181818
1127,apex 8:44 ipa,apex brewing,sverige,440.0,49.9,6.0,6.0,2.0,Passar till fågelPassar till fläskPassar till grönsakerPassar till sällskapsdryck,ale,new england ipa/hazy ipa,11.34090909090909
1128,horröds comet,lundabryggeriet,sverige,330.0,27.9,7.0,7.0,2.0,Passar till lammPassar till nötPassar till sällskapsdryck,ale,india pale ale,8.454545454545453
1129,daring dragonfly,the uncharted brewing company,sverige,330.0,20.1,5.0,4.0,1.0,Passar till fiskPassar till fågelPassar till grönsakerPassar till sällskapsdryck,ale,session ipa,6.090909090909092
1130,fjäderholmarnas pilsner,,sverige,330.0,21.8,6.0,6.0,2.0,Passar till fågelPassar till fläskPassar till grönsakerPassar till sällskapsdryck,ljus lager,pilsner,6.606060606060607
1131,stigbergets,trivas,sverige,440.0,43.9,7.0,6.0,2.0,Passar till fågelPassar till fläskPassar till sällskapsdryck,ale,india pale ale,9.977272727272727
1132,ocean,rio skotsk ale,sverige,330.0,24.9,6.0,6.0,2.0,Passar till fågelPassar till fläskPassar till grönsakerPassar till sällskapsdryck,ale,skotsk ale,7.545454545454546
1133,the try out's,hazy double ipa,sverige,440.0,49.9,7.0,8.0,4.0,Passar till lammPassar till nötPassar till sällskapsdryck,ale,imperial/dubbel ipa,11.34090909090909
1134,hop notch,lagerns lakejer,sverige,330.0,29.9,6.0,6.0,2.0,Passar till fågelPassar till fläskPassar till grönsakerPassar till sällskapsdryck,ljus lager,modern stil/india pale lager,9.06060606060606
1135,glou glou goo,stockholm brewing x fruktstereo,sverige,375.0,88.0,2.0,3.0,1.0,Passar till fågelPassar till fläskPassar till grönsakerPassar till aperitif,övrig syrlig öl,,23.466666666666665
1136,samuel adams,winter lager,usa,355.0,19.9,6.0,6.0,3.0,Passar till sällskapsdryckPassar till fläskPassar till grönsakerPassar till lamm,,,5.605633802816901
1137,shepherd neame,christmas ale,storbritannien,500.0,29.9,6.0,7.0,4.0,Passar till fläskPassar till grönsakerPassar till nötPassar till sällskapsdryck,ale,strong ale,5.9799999999999995
1138,bryggverket dubbelpipa,,sverige,330.0,39.9,9.0,8.0,3.0,Passar till lammPassar till nötPassar till sällskapsdryck,ale,imperial/dubbel ipa,12.090909090909092
1139,könig ludwig dunkel,,tyskland,500.0,21.9,5.0,7.0,1.0,Passar till lammPassar till nötPassar till sällskapsdryck,mörk lager,dunkel,4.38
1140,helsingborgs funky monkey,american pale ale,sverige,330.0,25.9,7.0,7.0,1.0,Passar till lammPassar till nötPassar till sällskapsdryck,ale,amerikansk pale ale,7.848484848484848
1141,brygghus 19,trossöl,sverige,330.0,23.9,5.0,5.0,1.0,Passar till fågelPassar till fläskPassar till lammPassar till sällskapsdryck,ale,amerikansk pale ale,7.242424242424242
1142,thor ipa,,sverige,330.0,36.7,10.0,6.0,1.0,Passar till lammPassar till nötPassar till sällskapsdryck,ale,india pale ale,11.121212121212123
1143,rymdreservat galaxen,emmaboda bryggeri,sverige,330.0,29.9,7.0,7.0,3.0,Passar till fläskPassar till lammPassar till sällskapsdryck,ale,new england ipa/hazy ipa,9.06060606060606
1144,fierce beer,big night in part two,storbritannien,440.0,64.9,4.0,8.0,6.0,Passar till lammPassar till nötPassar till sällskapsdryckPassar till vilt,imperial porter och stout,,14.750000000000002
1145,halmstad brygghus,cassis kettle sour,sverige,330.0,32.0,2.0,4.0,1.0,Passar till sällskapsdryck,övrig syrlig öl,,9.696969696969697
1146,the try out's,zwickel/keller/landbier,sverige,330.0,29.9,6.0,5.0,1.0,Passar till fiskPassar till fågelPassar till fläskPassar till sällskapsdryck,ljus lager,zwickel,9.06060606060606
1147,an otter dipa galaxy citra,benchwarmers brewing co ab,sverige,440.0,47.9,9.0,9.0,2.0,Passar till lammPassar till nötPassar till sällskapsdryck,ale,imperial/dubbel ipa,10.886363636363635
1148,pretty plums,stockholm brewing,sverige,375.0,79.0,2.0,5.0,1.0,Passar till aperitifPassar till fiskPassar till skaldjur,övrig syrlig öl,,21.066666666666666
1149,sundets pärla,ofiltrerad lager,sverige,330.0,19.9,6.0,6.0,2.0,Passar till fågelPassar till fläskPassar till grönsakerPassar till sällskapsdryck,ljus lager,zwickel,6.030303030303029
1150,slottskällans,uppsala lager,sverige,500.0,24.9,5.0,4.0,1.0,Passar till fläskPassar till lammPassar till sällskapsdryck,ljus lager,dortmunder och helles,4.9799999999999995
1151,fryken lager,västra ämterviks bryggeri ab,sverige,330.0,22.9,5.0,5.0,2.0,Passar till fiskPassar till fågelPassar till fläskPassar till sällskapsdryck,ljus lager,modern stil/india pale lager,6.939393939393939
1152,uppsala brygghus ab,passion for me,sverige,330.0,29.9,2.0,4.0,1.0,Passar till sällskapsdryck,syrlig öl,berliner weisse,9.06060606060606
1153,eriksberg,vintersaga,sverige,330.0,14.9,6.0,6.0,1.0,Passar till fläskPassar till lammPassar till sällskapsdryck,mörk lager,dunkel,4.515151515151515
1154,krutbrännare,,sverige,330.0,29.9,7.0,6.0,2.0,Passar till lammPassar till nötPassar till sällskapsdryck,ale,india pale ale,9.06060606060606
1155,nya carnegiebryggeriet,hoppy daze,sverige,330.0,27.9,6.0,5.0,2.0,Passar till fågelPassar till fläskPassar till sällskapsdryck,ale,new england ipa/hazy ipa,8.454545454545453
1156,rådanäs black ipa,,sverige,330.0,29.9,8.0,7.0,1.0,Passar till lammPassar till nötPassar till sällskapsdryckPassar till vilt,ale,black ipa,9.06060606060606
1157,ambassadörsporter,2020,sverige,330.0,37.3,6.0,8.0,2.0,Passar till lammPassar till nötPassar till viltPassar till sällskapsdryck,torr porter och stout,,11.303030303030303
1158,folkes,new england ipa,sverige,330.0,33.0,8.0,6.0,1.0,Passar till lammPassar till nötPassar till sällskapsdryck,ale,new england ipa/hazy ipa,10.0
1159,sibbarps husbryggeri,festbier,sverige,330.0,25.8,5.0,5.0,1.0,,mellanmörk lager,märzen och wienerstil,7.818181818181818
1160,åre,jämtländsk ljus lager,sverige,330.0,21.9,5.0,5.0,1.0,Passar till fiskPassar till fågelPassar till skaldjurPassar till sällskapsdryck,ljus lager,modern stil/india pale lager,6.636363636363636
1161,limhamns oktoberöl,,sverige,330.0,27.9,5.0,7.0,2.0,Passar till sällskapsdryckPassar till lammPassar till fågelPassar till fläsk,mellanmörk lager,märzen och wienerstil,8.454545454545453
1162,södra pale ale,ekologisk,sverige,330.0,22.5,6.0,6.0,2.0,Passar till fläskPassar till lammPassar till nöt,ale,amerikansk pale ale,6.8181818181818175
1163,tällbergs ipa,,sverige,330.0,37.9,8.0,6.0,1.0,Passar till lammPassar till nötPassar till sällskapsdryck,ale,india pale ale,11.484848484848484
1164,remmarlöv,the fenton session ipa,sverige,330.0,22.9,8.0,6.0,1.0,Passar till fågelPassar till fläskPassar till sällskapsdryckPassar till grönsaker,ale,session ipa,6.939393939393939
1165,halmstad brygghus,tjuvahålan lager,sverige,330.0,21.9,6.0,7.0,2.0,Passar till fiskPassar till fågelPassar till fläskPassar till sällskapsdryck,ljus lager,modern stil/india pale lager,6.636363636363636
1166,klackabacken hallon berliner,,sverige,330.0,29.9,2.0,4.0,1.0,Passar till aperitifPassar till sällskapsdryck,syrlig öl,berliner weisse,9.06060606060606
1167,vega shoreline apa,,sverige,330.0,26.9,8.0,5.0,1.0,Passar till lammPassar till nötPassar till sällskapsdryck,ale,amerikansk pale ale,8.15151515151515
1168,pentavägen #5,roslags näsby bryggeri,sverige,330.0,35.3,6.0,7.0,3.0,Passar till fläskPassar till lammPassar till nötPassar till sällskapsdryck,ljus lager,ljus bocköl,10.696969696969697
1169,fryken koppar ale,,sverige,330.0,24.9,5.0,5.0,1.0,Passar till fågelPassar till fläskPassar till sällskapsdryck,ale,irländsk ale,7.545454545454546
1170,barleygal,spike brewery,sverige,440.0,66.6,8.0,8.0,3.0,Passar till sällskapsdryckPassar till lammPassar till nötPassar till ost,ale,barley wine,15.136363636363633
1171,summer fusion,,sverige,330.0,26.9,7.0,7.0,2.0,Passar till fläskPassar till lammPassar till sällskapsdryck,ljus lager,modern stil/india pale lager,8.15151515151515
1172,göteborgs,mörk lager,sverige,330.0,19.9,5.0,6.0,2.0,Passar till lammPassar till nötPassar till sällskapsdryck,mörk lager,dunkel,6.030303030303029
1173,näipa,,sverige,330.0,33.9,8.0,7.0,2.0,Passar till lammPassar till nötPassar till sällskapsdryck,ale,india pale ale,10.272727272727272
1174,rubyporter,2019,sverige,330.0,119.0,6.0,8.0,5.0,Passar till dessertPassar till sällskapsdryck,imperial porter och stout,,36.06060606060606
1175,coppersmith's oktoberfest,,sverige,500.0,29.0,6.0,6.0,2.0,Passar till fågelPassar till fläskPassar till sällskapsdryck,mellanmörk lager,märzen och wienerstil,5.800000000000001
1176,lager than life,,sverige,330.0,24.9,5.0,5.0,1.0,Passar till fiskPassar till fågelPassar till fläskPassar till sällskapsdryck,ljus lager,modern stil/india pale lager,7.545454545454546
1177,skördeöl,,sverige,330.0,29.9,3.0,5.0,2.0,Passar till fågelPassar till fläskPassar till sällskapsdryck,ljus lager,modern stil/india pale lager,9.06060606060606
1178,kvarnagårdens bryggeri,redig pilsner,sverige,330.0,25.9,6.0,6.0,1.0,Passar till fläskPassar till lammPassar till sällskapsdryck,,,7.848484848484848
1179,o/o 100 citra ipa,,sverige,440.0,44.9,8.0,7.0,3.0,Passar till lammPassar till nötPassar till sällskapsdryck,ale,new england ipa/hazy ipa,10.204545454545453
1180,remmarlöv,front runner session ipa,sverige,440.0,32.8,8.0,5.0,1.0,Passar till lammPassar till nötPassar till sällskapsdryck,ale,session ipa,7.454545454545454
1181,örebro brygghus,american pale ale,sverige,330.0,22.9,6.0,5.0,1.0,Passar till fiskPassar till fågelPassar till fläskPassar till sällskapsdryck,ale,amerikansk pale ale,6.939393939393939
1182,slottskällan,uppsala lager summer edition,sverige,440.0,25.5,5.0,5.0,2.0,Passar till fiskPassar till fågelPassar till fläskPassar till sällskapsdryck,ljus lager,dortmunder och helles,5.795454545454545
1183,knockin boots,,sverige,440.0,44.0,6.0,5.0,2.0,Passar till fågelPassar till fläskPassar till grönsakerPassar till sällskapsdryck,veteöl,hopfenweizen,10.0
1184,sour pale ale,klackabackens bryggeri ab,sverige,330.0,25.9,4.0,5.0,2.0,Passar till sällskapsdryck,övrig syrlig öl,,7.848484848484848
1185,fjäderholmarnas,lydia,sverige,440.0,29.9,6.0,7.0,3.0,Passar till fläskPassar till grönsakerPassar till lammPassar till sällskapsdryck,ljus lager,modern stil/india pale lager,6.795454545454545
1186,northern exposure,golden bay - ddh pale ale,sverige,440.0,29.9,4.0,5.0,3.0,Passar till fågelPassar till fläskPassar till sällskapsdryck,ale,amerikansk pale ale,6.795454545454545
1187,cloudy sunrise,brygghus 19 ab,sverige,440.0,42.9,7.0,6.0,2.0,Passar till lammPassar till nötPassar till sällskapsdryck,ale,new england ipa/hazy ipa,9.75
1188,floda pilsner,bearded rabbit brewery,sverige,330.0,25.0,5.0,5.0,2.0,Passar till sällskapsdryckPassar till fiskPassar till fågelPassar till fläsk,ljus lager,pilsner,7.575757575757576
1189,helsingborgs,varator,sverige,330.0,29.1,6.0,8.0,4.0,Passar till lammPassar till grönsakerPassar till nötPassar till sällskapsdryck,mörk lager,dubbelbock,8.818181818181818
1190,peachy beachy,emmaboda bryggeri,sverige,330.0,28.9,2.0,4.0,1.0,Passar till aperitifPassar till sällskapsdryck,övrig syrlig öl,,8.757575757575758
1191,odd island brewing,hazie session,sverige,330.0,24.8,7.0,6.0,3.0,Passar till fågelPassar till fläskPassar till sällskapsdryck,ale,session ipa,7.515151515151515
1192,klackabacken/brekeriet,boris & schnauzers,sverige,330.0,28.9,4.0,5.0,1.0,Passar till fiskPassar till skaldjurPassar till sällskapsdryckPassar till grönsaker,ljus lager,pilsner,8.757575757575758
1193,barleygal,spike brewery,sverige,440.0,66.6,8.0,8.0,3.0,Passar till sällskapsdryckPassar till lammPassar till nötPassar till ost,ale,barley wine,15.136363636363633
1194,näipa,,sverige,330.0,33.9,8.0,7.0,2.0,Passar till lammPassar till nötPassar till sällskapsdryck,ale,india pale ale,10.272727272727272
1195,rubyporter,2019,sverige,330.0,119.0,6.0,8.0,5.0,Passar till dessertPassar till sällskapsdryck,imperial porter och stout,,36.06060606060606
1196,skördeöl,,sverige,330.0,29.9,3.0,5.0,2.0,Passar till fågelPassar till fläskPassar till sällskapsdryck,ljus lager,modern stil/india pale lager,9.06060606060606
1197,coppersmith's oktoberfest,,sverige,500.0,29.0,6.0,6.0,2.0,Passar till fågelPassar till fläskPassar till sällskapsdryck,mellanmörk lager,märzen och wienerstil,5.800000000000001
1198,lager than life,,sverige,330.0,24.9,5.0,5.0,1.0,Passar till fiskPassar till fågelPassar till fläskPassar till sällskapsdryck,ljus lager,modern stil/india pale lager,7.545454545454546
1199,o/o 100 citra ipa,,sverige,440.0,44.9,8.0,7.0,3.0,Passar till lammPassar till nötPassar till sällskapsdryck,ale,new england ipa/hazy ipa,10.204545454545453
1200,remmarlöv,front runner session ipa,sverige,440.0,32.8,8.0,5.0,1.0,Passar till lammPassar till nötPassar till sällskapsdryck,ale,session ipa,7.454545454545454
1201,örebro brygghus,american pale ale,sverige,330.0,22.9,6.0,5.0,1.0,Passar till fiskPassar till fågelPassar till fläskPassar till sällskapsdryck,ale,amerikansk pale ale,6.939393939393939
1202,waxholm,ankar ale,sverige,330.0,23.6,5.0,5.0,1.0,Passar till fågelPassar till fläskPassar till grönsakerPassar till sällskapsdryck,ale,session ipa,7.151515151515151
1203,waxholm,ipa,sverige,330.0,28.9,8.0,6.0,1.0,Passar till lammPassar till nötPassar till sällskapsdryck,ale,india pale ale,8.757575757575758
1204,torsöl,loke ipa,sverige,440.0,38.8,8.0,6.0,1.0,Passar till lammPassar till nöt,ale,india pale ale,8.818181818181818
1205,gothenburg brew,thief series rum barrel,sverige,330.0,49.9,5.0,9.0,4.0,Passar till lammPassar till nötPassar till sällskapsdryckPassar till ost,ale,strong ale,15.121212121212121
1206,stigbergets,noémie,sverige,330.0,37.9,2.0,4.0,2.0,Passar till sällskapsdryck,syrlig öl,gose och lichtenhainer,11.484848484848484
1207,stigbergets,api lairepmi,sverige,330.0,36.9,7.0,8.0,3.0,Passar till lammPassar till nötPassar till sällskapsdryck,ale,imperial/dubbel ipa,11.181818181818182
1208,remmarlöv,rauchbier,sverige,330.0,24.8,5.0,6.0,1.0,Passar till fågelPassar till fläskPassar till grönsakerPassar till sällskapsdryck,mellanmörk lager,märzen och wienerstil,7.515151515151515
1209,the try out's,session ipa bru-1/citra,sverige,500.0,44.9,6.0,6.0,4.0,Passar till fågelPassar till fläskPassar till grönsakerPassar till sällskapsdryck,ale,session ipa,8.979999999999999
1210,benchwarmers brewing,bird up,sverige,440.0,34.9,7.0,6.0,1.0,Passar till fågelPassar till fläskPassar till sällskapsdryck,ale,session ipa,7.931818181818182
1211,fjäderholmarnas,louie louise,sverige,440.0,48.0,8.0,8.0,4.0,Passar till lammPassar till nötPassar till sällskapsdryck,ale,imperial/dubbel ipa,10.909090909090908
1212,saison d'etre,stockholm brewing,sverige,330.0,19.9,4.0,4.0,2.0,Passar till asiatisktPassar till fläskPassar till grönsakerPassar till kryddstarkt,ale,saison,6.030303030303029
1213,o/o,new ipa,sverige,330.0,29.9,7.0,7.0,3.0,Passar till lammPassar till nötPassar till sällskapsdryck,ale,india pale ale,9.06060606060606
1214,omaka,bretzl,sverige,330.0,24.9,6.0,7.0,2.0,Passar till fläskPassar till grönsakerPassar till lammPassar till sällskapsdryck,mellanmörk lager,märzen och wienerstil,7.545454545454546
1215,klackabacken,"another day, another ipa",sverige,440.0,44.2,5.0,6.0,2.0,Passar till fågelPassar till fläskPassar till grönsakerPassar till sällskapsdryck,ale,new england ipa/hazy ipa,10.045454545454547
1216,1810 oktoberfestöl,,sverige,500.0,27.9,6.0,7.0,2.0,Passar till fågelPassar till fläskPassar till lammPassar till sällskapsdryck,mörk lager,dunkel,5.579999999999999
1217,dugges,citrus rush,sverige,330.0,40.0,3.0,6.0,1.0,Passar till aperitifPassar till fiskPassar till grönsakerPassar till skaldjur,övrig syrlig öl,,12.121212121212121
1218,beerbliotek,summerye ipa,sverige,330.0,32.9,8.0,8.0,3.0,Passar till grönsakerPassar till lammPassar till nötPassar till sällskapsdryck,ale,india pale ale,9.969696969696969
1219,pillow talk,neipa,sverige,440.0,39.9,6.0,6.0,2.0,Passar till fågelPassar till fläskPassar till grönsakerPassar till sällskapsdryck,ale,new england ipa/hazy ipa,9.068181818181818
1220,nya carnegiebryggeriet,petit brut,sverige,330.0,29.9,1.0,3.0,1.0,Passar till aperitifPassar till fiskPassar till grönsakerPassar till skaldjur,övrig syrlig öl,,9.06060606060606
1221,bergslagens portrait hazy face,ipa,sverige,330.0,31.9,7.0,6.0,4.0,Passar till lammPassar till nötPassar till sällskapsdryck,ale,new england ipa/hazy ipa,9.666666666666666
1222,slottskällan,juicy ipa,sverige,330.0,27.9,8.0,7.0,2.0,Passar till lammPassar till nötPassar till sällskapsdryck,ale,new england ipa/hazy ipa,8.454545454545453
1223,monkey mountain apa,,sverige,330.0,27.9,8.0,6.0,1.0,Passar till lammPassar till nötPassar till sällskapsdryck,ale,amerikansk pale ale,8.454545454545453
1224,pax regina,,sverige,330.0,30.0,9.0,7.0,1.0,Passar till lammPassar till nötPassar till sällskapsdryck,ale,india pale ale,9.090909090909092
1225,sigtuna,hazy daze ipa,sverige,330.0,23.9,8.0,8.0,3.0,Passar till lammPassar till nötPassar till sällskapsdryck,ale,new england ipa/hazy ipa,7.242424242424242
1226,ocean golden glenn,ale,sverige,500.0,31.9,7.0,6.0,1.0,Passar till fågelPassar till fläskPassar till nötPassar till sällskapsdryck,ale,golden/blond ale,6.38
1227,helsingborgs lager,,sverige,330.0,23.9,5.0,6.0,1.0,Passar till fiskPassar till fläskPassar till sällskapsdryck,ljus lager,modern stil/india pale lager,7.242424242424242
1228,kallholmen,"levande dubbel ipa, 2011",sverige,330.0,33.7,7.0,7.0,2.0,Passar till fläskPassar till lammPassar till sällskapsdryck,ale,imperial/dubbel ipa,10.212121212121213
1229,south plains,ipa,sverige,330.0,19.9,10.0,7.0,2.0,Passar till nötPassar till sällskapsdryckPassar till vilt,ale,india pale ale,6.030303030303029
1230,hadiraja,,sverige,330.0,21.9,6.0,5.0,1.0,Passar till fläskPassar till lammPassar till sällskapsdryck,ljus lager,modern stil/india pale lager,6.636363636363636
1231,westerbottens bryggeri,malgomaj,sverige,330.0,24.9,7.0,6.0,1.0,Passar till fågelPassar till fläskPassar till lammPassar till sällskapsdryck,ljus lager,modern stil/india pale lager,7.545454545454546
1232,la trappe blond,,nederländerna,330.0,27.9,4.0,7.0,3.0,Passar till sällskapsdryckPassar till fågelPassar till fläskPassar till ost,ale,belgisk ljus ale,8.454545454545453
1233,sälens fjällbryggeri,fjäll r.i.p.a,sverige,330.0,29.8,7.0,6.0,1.0,Passar till fläskPassar till lammPassar till nöt,ale,india pale ale,9.03030303030303
1234,wermlands,ipa,sverige,330.0,24.2,9.0,7.0,1.0,Passar till lammPassar till nöt,ale,india pale ale,7.333333333333333
1235,örebro brygghus lager,,sverige,330.0,24.5,6.0,6.0,1.0,Passar till fågelPassar till fläskPassar till sällskapsdryck,ljus lager,dortmunder och helles,7.424242424242425
1236,sälens fjällbryggeri,sälen session ipa,sverige,330.0,24.9,8.0,7.0,1.0,Passar till lammPassar till nötPassar till sällskapsdryck,ale,session ipa,7.545454545454546
1237,höganäs lager,,sverige,330.0,24.9,6.0,6.0,1.0,Passar till fiskPassar till fågelPassar till fläskPassar till sällskapsdryck,ljus lager,modern stil/india pale lager,7.545454545454546
1238,göjvut,,sverige,330.0,30.9,7.0,7.0,2.0,Passar till lammPassar till nötPassar till sällskapsdryck,ale,amerikansk pale ale,9.363636363636363
1239,key beer,export,sverige,330.0,20.0,4.0,5.0,3.0,Passar till fågelPassar till fläskPassar till sällskapsdryck,ljus lager,dortmunder och helles,6.0606060606060606
1240,äpa älvsby pale ale,nyckelbryggerier,sverige,330.0,22.9,8.0,7.0,2.0,Passar till lammPassar till nöt,ale,amerikansk pale ale,6.939393939393939
1241,how to bullshit a bullshitter,modern pale ale,sverige,330.0,27.9,9.0,7.0,1.0,Passar till lammPassar till nötPassar till sällskapsdryck,ale,amerikansk pale ale,8.454545454545453
1242,fjäderholmarnas,big mama,sverige,330.0,87.1,6.0,9.0,9.0,Passar till sällskapsdryckPassar till dessert,imperial porter och stout,,26.39393939393939
1243,hönö lager,hönöbryggeriet,sverige,330.0,25.9,6.0,5.0,1.0,Passar till fläskPassar till lammPassar till sällskapsdryck,ljus lager,pilsner,7.848484848484848
1244,abrakadabra,,sverige,330.0,39.9,6.0,7.0,3.0,Passar till lammPassar till nötPassar till sällskapsdryckPassar till vilt,torr porter och stout,,12.090909090909092
1245,hönö lager,hönöbryggeriet,sverige,330.0,25.9,6.0,5.0,1.0,Passar till fläskPassar till lammPassar till sällskapsdryck,ljus lager,pilsner,7.848484848484848
1246,det våras för,lime - en suröl,sverige,330.0,22.9,2.0,4.0,1.0,Passar till aperitifPassar till fiskPassar till skaldjur,övrig syrlig öl,,6.939393939393939
1247,göjvut,,sverige,330.0,30.9,7.0,7.0,2.0,Passar till lammPassar till nötPassar till sällskapsdryck,ale,amerikansk pale ale,9.363636363636363
1248,key beer,export,sverige,330.0,20.0,4.0,5.0,3.0,Passar till fågelPassar till fläskPassar till sällskapsdryck,ljus lager,dortmunder och helles,6.0606060606060606
1249,äpa älvsby pale ale,nyckelbryggerier,sverige,330.0,22.9,8.0,7.0,2.0,Passar till lammPassar till nöt,ale,amerikansk pale ale,6.939393939393939
1250,how to bullshit a bullshitter,modern pale ale,sverige,330.0,27.9,9.0,7.0,1.0,Passar till lammPassar till nötPassar till sällskapsdryck,ale,amerikansk pale ale,8.454545454545453
1251,sälens fjällbryggeri,sälen session ipa,sverige,330.0,24.9,8.0,7.0,1.0,Passar till lammPassar till nötPassar till sällskapsdryck,ale,session ipa,7.545454545454546
1252,höganäs lager,,sverige,330.0,24.9,6.0,6.0,1.0,Passar till fiskPassar till fågelPassar till fläskPassar till sällskapsdryck,ljus lager,modern stil/india pale lager,7.545454545454546
1253,s:t erik belgo ale,s:t eriks bryggeri,sverige,330.0,26.9,5.0,8.0,3.0,Passar till lammPassar till nötPassar till viltPassar till sällskapsdryck,ale,belgisk mörk ale,8.15151515151515
1254,lilla edet bryggeri,storlaxen,sverige,330.0,26.4,7.0,6.0,2.0,Passar till lammPassar till fläskPassar till sällskapsdryck,ale,amerikansk pale ale,8.0
1255,brödernas,ipa,sverige,330.0,31.9,7.0,7.0,1.0,Passar till lammPassar till nötPassar till sällskapsdryck,ale,india pale ale,9.666666666666666
1256,bunny blood,bearded rabbit brewery,sverige,330.0,40.0,2.0,4.0,2.0,Passar till aperitifPassar till sällskapsdryck,övrig syrlig öl,,12.121212121212121
1257,folkes west coast ipa,aktiebolaget centralbryggeriet i linköping,sverige,330.0,32.9,7.0,6.0,2.0,Passar till fågelPassar till fläskPassar till sällskapsdryck,ale,india pale ale,9.969696969696969
1258,grästorps bryggeri,bills ale,sverige,330.0,28.8,6.0,6.0,1.0,Passar till fläskPassar till lammPassar till nötPassar till sällskapsdryck,ale,amber ale,8.727272727272728
1259,train station brewery west coast ipa,,sverige,330.0,27.9,8.0,7.0,2.0,Passar till fläskPassar till lammPassar till sällskapsdryck,ale,india pale ale,8.454545454545453
1260,dalabryggeri,new england ipa,sverige,330.0,29.9,7.0,7.0,3.0,Passar till lammPassar till nötPassar till sällskapsdryck,ale,new england ipa/hazy ipa,9.06060606060606
1261,mälardalen brewing company,totally mental dipa,sverige,330.0,34.3,7.0,7.0,4.0,Passar till lammPassar till nötPassar till sällskapsdryck,ale,imperial/dubbel ipa,10.393939393939393
1262,sputnik krisis russian imperial stout,,sverige,330.0,59.9,7.0,11.0,6.0,Passar till sällskapsdryckPassar till lammPassar till nötPassar till vilt,imperial porter och stout,,18.151515151515152
1263,brewgineers,hopnotizer ipa glutenfri,sverige,330.0,33.5,7.0,6.0,3.0,Passar till fläskPassar till lammPassar till sällskapsdryck,ale,india pale ale,10.151515151515152
1264,ahlafors fabrikator,ahlafors bryggerier,sverige,330.0,29.9,6.0,7.0,2.0,Passar till sällskapsdryckPassar till lammPassar till nöt,mörk lager,dubbelbock,9.06060606060606
1265,electric nurse,nubb i hälen,sverige,330.0,30.0,7.0,6.0,2.0,Passar till fläskPassar till lammPassar till sällskapsdryck,ale,session ipa,9.090909090909092
1266,northern exposure,dolphin love redux - neipa,sverige,440.0,43.9,8.0,8.0,2.0,Passar till lammPassar till nötPassar till sällskapsdryck,ale,india pale ale,9.977272727272727
1267,clarys,honungs- & havtornsöl,sverige,330.0,25.9,4.0,6.0,2.0,Passar till fågelPassar till fläskPassar till grönsakerPassar till sällskapsdryck,annan öl,öl av flera typer/stilar,7.848484848484848
1268,o/o 100 idaho 7 ipa,o/o brewing,sverige,440.0,44.9,8.0,8.0,3.0,Passar till lammPassar till nötPassar till sällskapsdryck,ale,new england ipa/hazy ipa,10.204545454545453
1269,3 fonteinen,"framboos, 2019",belgien,375.0,219.0,,,,,syrlig öl,frukt,58.4
1270,caleidoskope,harlekinetic colors ipa,danmark,440.0,62.9,,,,,ale,new england ipa/hazy ipa,14.295454545454545
1271,muffin top dipa,duckpond brewing,sverige,440.0,54.9,7.0,8.0,6.0,Passar till lammPassar till nötPassar till sällskapsdryck,ale,imperial/dubbel ipa,12.477272727272727
1272,beerbliotek,am i not bitter enough?,sverige,330.0,38.9,9.0,8.0,3.0,Passar till lammPassar till nötPassar till sällskapsdryckPassar till vilt,ale,imperial/dubbel ipa,11.787878787878787
1273,dugges,mango mango mango mango mango mango,sverige,330.0,45.0,3.0,5.0,1.0,Passar till asiatisktPassar till kryddstarktPassar till fläskPassar till sällskapsdryck,övrig syrlig öl,,13.636363636363635
1274,duckpond,dig dug ipa,sverige,440.0,49.9,6.0,7.0,2.0,Passar till fläskPassar till grönsakerPassar till lammPassar till sällskapsdryck,ale,imperial/dubbel ipa,11.34090909090909
1275,duckpond,dig dug ipa,sverige,440.0,49.9,6.0,7.0,2.0,Passar till fläskPassar till grönsakerPassar till lammPassar till sällskapsdryck,ale,imperial/dubbel ipa,11.34090909090909
1276,uppsala brygghus,snakehead ipa,sverige,330.0,27.9,8.0,7.0,3.0,Passar till lammPassar till nötPassar till sällskapsdryck,ale,new england ipa/hazy ipa,8.454545454545453
1277,supernormal ipa,,sverige,330.0,32.2,8.0,7.0,3.0,Passar till lammPassar till nötPassar till sällskapsdryck,ale,india pale ale,9.757575757575758
1278,american pale ale,ryssby bryggeri,sverige,330.0,29.9,7.0,6.0,1.0,Passar till fågelPassar till fläskPassar till lammPassar till sällskapsdryck,ale,amerikansk pale ale,9.06060606060606
1279,rosen boom,,sverige,330.0,25.8,5.0,5.0,2.0,Passar till fläskPassar till lammPassar till nötPassar till sällskapsdryck,mörk lager,schwarzbier,7.818181818181818
1280,lossen india pale ale,härjebrygg,sverige,330.0,32.8,7.0,6.0,1.0,Passar till fågelPassar till fläskPassar till sällskapsdryck,ale,india pale ale,9.939393939393938
1281,brunnsvik,motala apa,sverige,330.0,25.0,6.0,5.0,1.0,Passar till fläskPassar till lammPassar till nötPassar till sällskapsdryck,ale,amerikansk pale ale,7.575757575757576
1282,von hermansson pale ale,,sverige,330.0,26.9,7.0,7.0,1.0,Passar till lammPassar till nötPassar till sällskapsdryck,ale,amerikansk pale ale,8.15151515151515
1283,torsöl,freja ipa,sverige,500.0,40.6,7.0,6.0,1.0,Passar till lammPassar till nöt,ale,india pale ale,8.120000000000001
1284,barlindbeer,barcode,sverige,330.0,39.5,6.0,8.0,6.0,Passar till dessertPassar till lammPassar till nöt,imperial porter och stout,,11.969696969696969
1285,grebbestad west coast ipa,,sverige,330.0,25.0,8.0,7.0,4.0,Passar till lammPassar till nötPassar till sällskapsdryck,ale,india pale ale,7.575757575757576
1286,folkes,fina pale ale,sverige,330.0,26.9,7.0,7.0,1.0,Passar till fågelPassar till fläskPassar till sällskapsdryck,ale,amerikansk pale ale,8.15151515151515
1287,ahlafors artisan lager,,sverige,330.0,21.0,6.0,6.0,1.0,Passar till sällskapsdryckPassar till grönsakerPassar till fågelPassar till fläsk,ljus lager,internationell stil,6.363636363636363
1288,salve,qvänum mat & malt,sverige,330.0,36.9,6.0,5.0,1.0,Passar till sällskapsdryckPassar till fågelPassar till fläsk,ale,saison,11.181818181818182
1289,o/o arctos,"imperial stout, 2020",sverige,330.0,74.9,7.0,11.0,9.0,Passar till dessertPassar till sällskapsdryck,imperial porter och stout,,22.6969696969697
1290,lilla edet bryggeri,karlssons pilsner,sverige,330.0,25.9,6.0,5.0,1.0,Passar till sällskapsdryckPassar till fågelPassar till fläsk,ljus lager,pilsner,7.848484848484848
1291,södra,skärmarbronx ipa,sverige,440.0,37.9,8.0,7.0,2.0,Passar till lammPassar till nötPassar till sällskapsdryck,ale,india pale ale,8.613636363636363
1292,fermenterarna,dressed for tropical summer,sverige,440.0,49.9,2.0,5.0,1.0,Passar till aperitifPassar till sällskapsdryck,övrig syrlig öl,,11.34090909090909
1293,northern exposure,crossing divides 2 ipa,sverige,440.0,39.9,7.0,7.0,2.0,Passar till lammPassar till nötPassar till sällskapsdryck,ale,india pale ale,9.068181818181818
1294,pacific summer ale,,sverige,330.0,24.9,7.0,6.0,2.0,Passar till fläskPassar till lammPassar till sällskapsdryck,ale,amerikansk pale ale,7.545454545454546
1295,södra lattemamma,,sverige,440.0,59.9,5.0,8.0,8.0,Passar till dessertPassar till sällskapsdryck,imperial porter och stout,,13.613636363636363
1296,good guys brew,tropical tears,sverige,330.0,29.8,2.0,4.0,1.0,Passar till aperitifPassar till fiskPassar till grönsakerPassar till skaldjur,syrlig öl,gose och lichtenhainer,9.03030303030303
1297,dugges,oh so lavish,sverige,330.0,35.0,8.0,8.0,3.0,Passar till lammPassar till nötPassar till sällskapsdryck,ale,imperial/dubbel ipa,10.606060606060606
1298,dressed for swedish summer,,sverige,440.0,49.9,7.0,7.0,3.0,Passar till fågelPassar till fläskPassar till lammPassar till sällskapsdryck,ale,new england ipa/hazy ipa,11.34090909090909
1299,fjäderholmarnas,stockholm session,sverige,330.0,25.6,,,,,ale,session ipa,7.757575757575758
1300,electric nurse eko saison,,sverige,330.0,31.9,4.0,4.0,2.0,Passar till fågelPassar till fläskPassar till sällskapsdryck,ale,saison,9.666666666666666
1301,vega - ringö berliner weisse,vega bryggeri,sverige,330.0,29.9,2.0,4.0,1.0,Passar till aperitifPassar till sällskapsdryck,syrlig öl,berliner weisse,9.06060606060606
1302,ryssby bryggeri,kronobärs,sverige,330.0,26.9,7.0,5.0,1.0,Passar till fågelPassar till fläskPassar till sällskapsdryck,ljus lager,modern stil/india pale lager,8.15151515151515
1303,två feta grisar,porter,sverige,330.0,25.4,7.0,7.0,2.0,Passar till lammPassar till nötPassar till viltPassar till sällskapsdryck,torr porter och stout,,7.696969696969696
1304,skelderwikens lager,,sverige,330.0,24.6,6.0,6.0,1.0,Passar till fågelPassar till fläskPassar till sällskapsdryck,ljus lager,modern stil/india pale lager,7.454545454545455
1305,o/o nova ipa,o/o brewing,sverige,440.0,43.7,8.0,7.0,2.0,Passar till lammPassar till nötPassar till sällskapsdryck,ale,india pale ale,9.931818181818182
1306,kvarnagårdens oktoberfest,,sverige,330.0,29.9,6.0,6.0,2.0,Passar till fiskPassar till fågelPassar till fläskPassar till sällskapsdryck,mellanmörk lager,märzen och wienerstil,9.06060606060606
1307,brewski raspberry pie,,sverige,330.0,37.9,2.0,5.0,2.0,Passar till aperitifPassar till sällskapsdryck,syrlig öl,berliner weisse,11.484848484848484
1308,brewski triple nipple ipa,,sverige,330.0,47.9,7.0,8.0,4.0,Passar till lammPassar till nötPassar till sällskapsdryck,ale,imperial/dubbel ipa,14.515151515151514
1309,öring,orsholms brygghus,sverige,330.0,25.9,6.0,6.0,1.0,Passar till fiskPassar till fågelPassar till skaldjur,ljus lager,pilsner,7.848484848484848
1310,det tredje ölet,,sverige,330.0,24.8,7.0,6.0,1.0,Passar till fläskPassar till lammPassar till nötPassar till sällskapsdryck,ale,engelsk pale ale och bitter,7.515151515151515
1311,hop shed,citrabomb pale ale,sverige,330.0,31.3,6.0,6.0,2.0,Passar till lammPassar till nötPassar till sällskapsdryck,ale,amerikansk pale ale,9.484848484848484
1312,fryken havre ipa,,sverige,330.0,29.8,9.0,8.0,3.0,Passar till lammPassar till nötPassar till sällskapsdryckPassar till vilt,ale,india pale ale,9.03030303030303
1313,pax rapid,,sverige,330.0,26.3,7.0,6.0,1.0,Passar till fiskPassar till fågelPassar till fläskPassar till sällskapsdryck,ljus lager,modern stil/india pale lager,7.96969696969697
1314,torsöl,sigyn ipa,sverige,500.0,39.8,7.0,6.0,1.0,Passar till lammPassar till nöt,ale,india pale ale,7.959999999999999
1315,this ale is india pale,,sverige,330.0,27.9,9.0,7.0,1.0,Passar till lammPassar till nötPassar till sällskapsdryck,ale,india pale ale,8.454545454545453
1316,råå,pale ale,sverige,330.0,21.9,7.0,7.0,1.0,Passar till fläskPassar till lammPassar till nötPassar till sällskapsdryck,ale,engelsk pale ale och bitter,6.636363636363636
1317,f2 pale ale,,sverige,330.0,25.4,6.0,6.0,2.0,Passar till lammPassar till nötPassar till sällskapsdryck,ale,engelsk pale ale och bitter,7.696969696969696
1318,hönö india pale ale,hönöbryggeriet,sverige,330.0,31.9,8.0,6.0,1.0,Passar till lammPassar till nötPassar till sällskapsdryck,ale,india pale ale,9.666666666666666
1319,midnattsöl,american pale ale,sverige,330.0,29.9,8.0,7.0,2.0,Passar till lammPassar till nötPassar till sällskapsdryck,ale,amerikansk pale ale,9.06060606060606
1320,råå the sounds,organic american pale ale,sverige,330.0,27.9,6.0,6.0,2.0,Passar till lammPassar till nötPassar till sällskapsdryck,ale,amerikansk pale ale,8.454545454545453
1321,coppersmith's mosaic lager,coppersmith's ab,sverige,440.0,27.0,7.0,6.0,2.0,Passar till fläskPassar till lammPassar till sällskapsdryck,ljus lager,modern stil/india pale lager,6.136363636363637
1322,barlingbo bryggeri,barlingblå,sverige,330.0,15.9,4.0,5.0,1.0,Passar till fiskPassar till fågelPassar till fläskPassar till sällskapsdryck,ljus lager,dortmunder och helles,4.818181818181818
1323,emmabrewda,,sverige,330.0,23.9,7.0,7.0,2.0,Passar till fläskPassar till lammPassar till sällskapsdryck,ale,india pale ale,7.242424242424242
1324,nils oscar påsköl,,sverige,330.0,19.8,6.0,6.0,2.0,Passar till fläskPassar till grönsakerPassar till lammPassar till sällskapsdryck,mellanmörk lager,märzen och wienerstil,6.000000000000001
1325,o/o 50/50 citra/simcoe ipa,o/o brewing ab,sverige,440.0,44.9,7.0,8.0,2.0,Passar till sällskapsdryckPassar till fågelPassar till fläskPassar till grönsaker,ale,new england ipa/hazy ipa,10.204545454545453
1326,the brutal badgers,new england pale ale,sverige,330.0,24.8,6.0,7.0,3.0,Passar till fågelPassar till fläskPassar till grönsakerPassar till sällskapsdryck,ale,amerikansk pale ale,7.515151515151515
1327,bottenvikens bryggeri,fader movits,sverige,330.0,33.9,7.0,6.0,1.0,Passar till lammPassar till nötPassar till sällskapsdryck,ale,india pale ale,10.272727272727272
1328,benchwarmers,raspberry drizzle,sverige,440.0,49.9,2.0,5.0,1.0,Passar till aperitifPassar till sällskapsdryck,övrig syrlig öl,,11.34090909090909
1329,benchwarmers,strawberry drizzle,sverige,440.0,49.9,2.0,5.0,2.0,Passar till sällskapsdryck,övrig syrlig öl,,11.34090909090909
1330,nääs oktober pils,,sverige,330.0,19.9,5.0,5.0,1.0,Passar till fiskPassar till fågelPassar till fläskPassar till sällskapsdryck,ljus lager,dortmunder och helles,6.030303030303029
1331,how to skip dessert chocolate,,sverige,330.0,39.9,8.0,10.0,8.0,Passar till dessertPassar till sällskapsdryck,imperial porter och stout,,12.090909090909092
1332,o/o ichor - citra dipa,o/o brewing ab,sverige,440.0,55.9,8.0,8.0,3.0,Passar till lammPassar till nötPassar till sällskapsdryck,ale,imperial/dubbel ipa,12.704545454545455
1333,pax dexter ii,,sverige,330.0,30.0,4.0,5.0,1.0,Passar till fågelPassar till fläskPassar till sällskapsdryck,ale,saison,9.090909090909092
1334,vega celebration ipa,,sverige,440.0,43.7,8.0,7.0,2.0,Passar till lammPassar till nötPassar till sällskapsdryck,ale,india pale ale,9.931818181818182
1335,kwak,,belgien,750.0,68.5,5.0,8.0,6.0,Passar till fågelPassar till fläskPassar till ostPassar till sällskapsdryck,ale,belgisk ljus ale,9.133333333333333
1336,jädraöl,trädgårdspilsner,sverige,330.0,24.9,5.0,4.0,1.0,Passar till fågelPassar till fläskPassar till sällskapsdryck,ljus lager,pilsner,7.545454545454546
1337,go to helles,,sverige,330.0,19.9,6.0,6.0,2.0,Passar till fiskPassar till fågelPassar till fläskPassar till sällskapsdryck,ljus lager,dortmunder och helles,6.030303030303029
1338,hobo with a beergun,,sverige,330.0,28.0,7.0,6.0,1.0,Passar till fläskPassar till lammPassar till nötPassar till sällskapsdryck,ale,amerikansk pale ale,8.484848484848486
1339,wapnö,alna x,sverige,330.0,37.7,8.0,9.0,5.0,Passar till lammPassar till nötPassar till sällskapsdryck,annan öl,,11.424242424242426
1340,sundets pärla session ipa,råå bryggeri,sverige,330.0,26.9,7.0,5.0,2.0,Passar till fläskPassar till lammPassar till sällskapsdryck,ale,session ipa,8.15151515151515
1341,graffitisthlm,kaos #9,sverige,440.0,46.9,7.0,7.0,2.0,Passar till lammPassar till nötPassar till sällskapsdryck,ale,new england ipa/hazy ipa,10.659090909090908
1342,beerbliotek,herb life,sverige,330.0,31.9,8.0,7.0,2.0,Passar till lammPassar till nötPassar till sällskapsdryck,ale,india pale ale,9.666666666666666
1343,nora brygghus,pershyttepils,sverige,330.0,29.6,4.0,5.0,1.0,Passar till fågelPassar till fläskPassar till sällskapsdryck,ljus lager,pilsner,8.96969696969697
1344,duckpond,rabbit hole,sverige,330.0,39.9,2.0,4.0,2.0,Passar till sällskapsdryck,syrlig öl,gose och lichtenhainer,12.090909090909092
1345,highway 73,revisited ddh dipa,sverige,440.0,39.9,7.0,7.0,2.0,Passar till fläskPassar till grönsakerPassar till lammPassar till sällskapsdryck,ale,imperial/dubbel ipa,9.068181818181818
1346,northern exposure,skyline drive - cryo dipa,sverige,440.0,48.9,7.0,8.0,2.0,Passar till lammPassar till nötPassar till sällskapsdryck,ale,imperial/dubbel ipa,11.113636363636363
1347,yellow spaceship,,sverige,330.0,32.4,5.0,5.0,3.0,Passar till fågelPassar till fläskPassar till grönsakerPassar till sällskapsdryck,ale,new england ipa/hazy ipa,9.818181818181818
1348,folkes tjocke stout,,sverige,330.0,30.9,6.0,8.0,2.0,Passar till lammPassar till nötPassar till sällskapsdryckPassar till vilt,söt porter och stout,,9.363636363636363
1349,pax scala,,sverige,330.0,28.8,5.0,6.0,1.0,Passar till fågelPassar till fläskPassar till sällskapsdryck,ale,saison,8.727272727272728
1350,esplanad,tropisk,sverige,500.0,41.0,6.0,6.0,2.0,Passar till fågelPassar till fläskPassar till sällskapsdryck,ale,amerikansk pale ale,8.200000000000001
1351,östersunds nya ångbryggeri klassisk pilsner,,sverige,330.0,20.0,5.0,5.0,2.0,Passar till fågelPassar till fläskPassar till sällskapsdryck,ljus lager,pilsner,6.0606060606060606
1352,hönö american pale ale,hönöbryggeriet,sverige,330.0,29.8,8.0,6.0,1.0,Passar till lammPassar till nötPassar till sällskapsdryck,ale,amerikansk pale ale,9.03030303030303
1353,råå,organic session ipa,sverige,330.0,26.0,7.0,5.0,1.0,Passar till fågelPassar till fläskPassar till sällskapsdryck,ale,session ipa,7.878787878787878
1354,oceanbryggeriet,ocean extra ipa,sverige,330.0,26.5,9.0,8.0,3.0,Passar till lammPassar till nötPassar till sällskapsdryck,ale,india pale ale,8.030303030303031
1355,electric nurse green zombie king eko ipa,brewtrade sweden ab,sverige,330.0,34.9,8.0,8.0,3.0,Passar till fläskPassar till lammPassar till sällskapsdryck,ale,new england ipa/hazy ipa,10.575757575757576
1356,dugges,cocoa cacao,sverige,330.0,50.0,7.0,10.0,8.0,Passar till dessertPassar till sällskapsdryck,imperial porter och stout,,15.151515151515152
1357,snow top,christmas ale,storbritannien,500.0,37.5,6.0,7.0,3.0,Passar till fläskPassar till lammPassar till nötPassar till sällskapsdryck,ale,strong ale,7.5
1358,bröderna bommen,ljungan pale ale,sverige,330.0,29.3,5.0,5.0,1.0,Passar till lammPassar till nötPassar till sällskapsdryck,ale,engelsk pale ale och bitter,8.878787878787879
1359,pax citra,,sverige,330.0,26.9,6.0,5.0,1.0,Passar till fläskPassar till lammPassar till sällskapsdryck,ale,amerikansk pale ale,8.15151515151515
1360,dalslands ipa revolt,,sverige,330.0,29.4,7.0,6.0,1.0,Passar till lammPassar till nötPassar till sällskapsdryck,ale,india pale ale,8.909090909090908
1361,esplanad epa,,sverige,500.0,41.0,9.0,7.0,1.0,Passar till lammPassar till nötPassar till sällskapsdryck,ale,india pale ale,8.200000000000001
1362,esplanad honung,,sverige,500.0,41.0,8.0,6.0,1.0,Passar till lammPassar till nötPassar till sällskapsdryck,ale,,8.200000000000001
1363,pelle på stenen ipa,,sverige,330.0,32.9,9.0,6.0,1.0,Passar till lammPassar till nötPassar till sällskapsdryck,ale,india pale ale,9.969696969696969
1364,skeppsgossen lager,,sverige,330.0,20.3,4.0,4.0,1.0,Passar till fågelPassar till fläskPassar till sällskapsdryck,ljus lager,pilsner,6.151515151515151
1365,östersunds nya ångbryggeri klassisk pilsner,,sverige,330.0,20.0,5.0,5.0,2.0,Passar till fågelPassar till fläskPassar till sällskapsdryck,ljus lager,pilsner,6.0606060606060606
1366,sälens fjällbryggeri,west river ipa,sverige,330.0,29.8,8.0,7.0,2.0,Passar till lammPassar till nötPassar till sällskapsdryck,ale,india pale ale,9.03030303030303
1367,strandlida bryggeri,västkustskt ale,sverige,330.0,23.8,6.0,7.0,2.0,Passar till fågelPassar till fläskPassar till nötPassar till sällskapsdryck,ale,amerikansk pale ale,7.212121212121213
1368,double dry hop ipa,,sverige,330.0,29.9,8.0,7.0,2.0,Passar till lammPassar till nötPassar till sällskapsdryck,ale,india pale ale,9.06060606060606
1369,hopsie daisy,the spark,sverige,330.0,23.9,7.0,5.0,1.0,Passar till fågelPassar till fläskPassar till sällskapsdryck,ale,session ipa,7.242424242424242
1370,international haze,new england ipa,sverige,473.0,44.9,8.0,8.0,3.0,Passar till sällskapsdryckPassar till lammPassar till nöt,ale,india pale ale,9.49260042283298
1371,två feta grisar,chill in,sverige,330.0,25.9,6.0,6.0,1.0,Passar till fågelPassar till fläskPassar till sällskapsdryck,ale,amerikansk pale ale,7.848484848484848
1372,coppersmith's,dubbel ipa,sverige,440.0,45.9,8.0,7.0,2.0,Passar till lammPassar till nötPassar till sällskapsdryck,ale,imperial/dubbel ipa,10.431818181818182
1373,maple pecan yeti,,usa,568.0,114.9,,,,,imperial porter och stout,,20.22887323943662
1374,põhjala & sigtuna,we believe in evergreen dipa collaboration,estland,330.0,34.9,8.0,8.0,3.0,Passar till lammPassar till nötPassar till sällskapsdryck,ale,imperial/dubbel ipa,10.575757575757576
1375,monkish,,sverige,330.0,28.0,7.0,7.0,1.0,Passar till lammPassar till nötPassar till sällskapsdryck,ale,amerikansk pale ale,8.484848484848486
1376,retard beer,,sverige,330.0,23.9,8.0,7.0,2.0,Passar till lammPassar till nötPassar till sällskapsdryck,ale,india pale ale,7.242424242424242
1377,beerbliotek,the trash-filled streets made me wish we were headed home,sverige,330.0,30.0,7.0,7.0,2.0,Passar till sällskapsdryckPassar till lammPassar till nötPassar till vilt,ale,brown ale,9.090909090909092
1378,electric nurse,vete17,sverige,330.0,24.9,5.0,5.0,1.0,Passar till fiskPassar till fågelPassar till fläskPassar till sällskapsdryck,veteöl,hopfenweizen,7.545454545454546
1379,ring öl,två feta grisar,sverige,330.0,24.1,8.0,5.0,2.0,Passar till fågelPassar till fläskPassar till sällskapsdryck,ale,session ipa,7.303030303030303
1380,the juice,bryggverket ab,sverige,330.0,39.9,7.0,7.0,4.0,Passar till fågelPassar till fläskPassar till sällskapsdryck,ale,imperial/dubbel ipa,12.090909090909092
1381,råå,eko hogges india pale lager,sverige,330.0,21.8,7.0,6.0,1.0,Passar till fiskPassar till fläskPassar till grönsakerPassar till sällskapsdryck,ljus lager,modern stil/india pale lager,6.606060606060607
1382,kvarnagårdens,småland haze,sverige,330.0,29.9,4.0,5.0,2.0,Passar till fiskPassar till fågelPassar till fläskPassar till sällskapsdryck,ale,session ipa,9.06060606060606
1383,high valley twentyfour seven,södra maltfabriken,sverige,440.0,32.5,7.0,6.0,2.0,Passar till fläskPassar till lammPassar till sällskapsdryck,ale,india pale ale,7.386363636363637
1384,asian fusion,två feta grisar,sverige,330.0,27.9,3.0,5.0,3.0,Passar till fågelPassar till grönsakerPassar till kryddstarktPassar till asiatiskt,annan öl,öl av flera typer/stilar,8.454545454545453
1385,graffitisthlm,klive #8 ipa,sverige,440.0,46.9,8.0,6.0,1.0,Passar till sällskapsdryckPassar till lammPassar till nöt,ale,india pale ale,10.659090909090908
1386,northern exposure,high coast - dipa,sverige,440.0,49.9,6.0,8.0,2.0,Passar till grönsakerPassar till lammPassar till nötPassar till sällskapsdryck,ale,imperial/dubbel ipa,11.34090909090909
1387,remmarlöv,hitch hike dipa,sverige,330.0,32.9,8.0,8.0,4.0,Passar till lammPassar till nötPassar till sällskapsdryck,ale,imperial/dubbel ipa,9.969696969696969
1388,nils oscar,oktoberfest,sverige,500.0,28.9,3.0,5.0,2.0,Passar till fågelPassar till fläskPassar till sällskapsdryck,mellanmörk lager,märzen och wienerstil,5.779999999999999
1389,graffitisthlm,kaos #10,sverige,440.0,46.9,5.0,6.0,2.0,Passar till fågelPassar till fläskPassar till grönsakerPassar till sällskapsdryck,ale,new england ipa/hazy ipa,10.659090909090908
1390,hopsie daisy,my heart on a plate apa,sverige,330.0,25.9,9.0,7.0,1.0,Passar till lammPassar till nötPassar till sällskapsdryck,ale,amerikansk pale ale,7.848484848484848
1391,skedemosse gårdsbryggeri,rätt sida bron,sverige,500.0,25.9,4.0,5.0,1.0,Passar till fiskPassar till fläskPassar till grönsakerPassar till sällskapsdryck,ljus lager,pilsner,5.18
1392,nya carnegiebryggeriet,peach lassi ipa,sverige,440.0,42.9,5.0,6.0,1.0,Passar till asiatisktPassar till kryddstarktPassar till fläskPassar till sällskapsdryck,ale,new england ipa/hazy ipa,9.75
1393,northern exposure,great southern land - neipa,sverige,440.0,48.9,8.0,8.0,2.0,Passar till lammPassar till nötPassar till sällskapsdryck,ale,new england ipa/hazy ipa,11.113636363636363
1394,gråskägg,,sverige,500.0,33.8,7.0,8.0,1.0,Passar till nötPassar till sällskapsdryckPassar till vilt,torr porter och stout,,6.76
1395,nya carnegiebryggeriet,peach lassi ipa,sverige,440.0,42.9,5.0,6.0,1.0,Passar till asiatisktPassar till kryddstarktPassar till fläskPassar till sällskapsdryck,ale,new england ipa/hazy ipa,9.75
1396,northern exposure,great southern land - neipa,sverige,440.0,48.9,8.0,8.0,2.0,Passar till lammPassar till nötPassar till sällskapsdryck,ale,new england ipa/hazy ipa,11.113636363636363
1397,gråskägg,,sverige,500.0,33.8,7.0,8.0,1.0,Passar till nötPassar till sällskapsdryckPassar till vilt,torr porter och stout,,6.76
1398,remmarlöv the festbier oktoberfest,,sverige,330.0,21.9,3.0,4.0,1.0,Passar till fiskPassar till skaldjurPassar till sällskapsdryck,ljus lager,dortmunder och helles,6.636363636363636
1399,how to be a bastard,blonde ale,sverige,330.0,22.9,8.0,6.0,1.0,Passar till fläskPassar till lammPassar till sällskapsdryck,ale,golden/blond ale,6.939393939393939
1400,train station brewery & lindvalls,premium coffee stout,sverige,330.0,29.9,7.0,8.0,1.0,Passar till lammPassar till nötPassar till sällskapsdryckPassar till vilt,imperial porter och stout,,9.06060606060606
1401,baltzar,motala irish ale,sverige,330.0,25.0,5.0,6.0,1.0,Passar till fläskPassar till lammPassar till sällskapsdryck,ale,irländsk ale,7.575757575757576
1402,bröderna bommen ipa,,sverige,330.0,30.0,8.0,6.0,1.0,Passar till lammPassar till nötPassar till sällskapsdryck,ale,india pale ale,9.090909090909092
1403,wapnö alna dipa,,sverige,330.0,32.1,7.0,6.0,2.0,Passar till fläskPassar till lammPassar till sällskapsdryck,ale,imperial/dubbel ipa,9.727272727272727
1404,idlewild,lager,sverige,330.0,25.9,5.0,5.0,2.0,Passar till fiskPassar till fågelPassar till fläskPassar till sällskapsdryck,,,7.848484848484848
1405,isotonic,,sverige,330.0,19.9,2.0,5.0,1.0,Passar till fiskPassar till skaldjurPassar till sällskapsdryck,syrlig öl,gose och lichtenhainer,6.030303030303029
1406,remmarlöv the oktoberfest,organic lager,sverige,330.0,22.9,6.0,7.0,1.0,Passar till sällskapsdryckPassar till lammPassar till fågelPassar till fläsk,mellanmörk lager,märzen och wienerstil,6.939393939393939
1407,ragnarök rökporter,,sverige,330.0,28.5,6.0,8.0,2.0,Passar till fläskPassar till nötPassar till ostPassar till sällskapsdryck,torr porter och stout,,8.636363636363637
1408,jämtlands baltic,imperial stout,sverige,330.0,24.5,7.0,8.0,2.0,Passar till lammPassar till nötPassar till vilt,imperial porter och stout,,7.424242424242425
1409,happy valley,,sverige,330.0,32.6,7.0,6.0,2.0,Passar till sällskapsdryckPassar till lammPassar till nöt,ale,new england ipa/hazy ipa,9.878787878787879
1410,gothenburg brew,pils,sverige,330.0,17.9,4.0,4.0,1.0,Passar till fiskPassar till fågelPassar till skaldjurPassar till sällskapsdryck,ljus lager,pilsner,5.424242424242424
1411,remmarlöv the oktoberfest,organic lager,sverige,330.0,22.9,6.0,7.0,1.0,Passar till sällskapsdryckPassar till lammPassar till fågelPassar till fläsk,mellanmörk lager,märzen och wienerstil,6.939393939393939
1412,isotonic,,sverige,330.0,19.9,2.0,5.0,1.0,Passar till fiskPassar till skaldjurPassar till sällskapsdryck,syrlig öl,gose och lichtenhainer,6.030303030303029
1413,happy valley,,sverige,330.0,32.6,7.0,6.0,2.0,Passar till sällskapsdryckPassar till lammPassar till nöt,ale,new england ipa/hazy ipa,9.878787878787879
1414,besserweisser,,sverige,440.0,35.0,3.0,5.0,1.0,Passar till sällskapsdryckPassar till kryddstarktPassar till fågelPassar till fläsk,veteöl,hefeweizen,7.954545454545454
1415,easy eagle,the uncharted brewing company,sverige,330.0,29.8,7.0,7.0,2.0,Passar till fläskPassar till lammPassar till sällskapsdryck,ale,amerikansk pale ale,9.03030303030303
1416,stjernsund ur,tysk premium pils,sverige,330.0,21.8,6.0,6.0,1.0,Passar till fågelPassar till fläskPassar till grönsakerPassar till sällskapsdryck,ljus lager,pilsner,6.606060606060607
1417,ekerö brygghus,pale,sverige,330.0,24.5,7.0,6.0,1.0,Passar till sällskapsdryckPassar till fågelPassar till fläsk,ale,amerikansk pale ale,7.424242424242425
1418,how to start a fire,this is how brewery,sverige,330.0,27.9,7.0,6.0,1.0,Passar till fläskPassar till lammPassar till nötPassar till sällskapsdryck,ale,amerikansk pale ale,8.454545454545453
1419,de vet du,ljus lager,sverige,330.0,25.9,5.0,5.0,2.0,Passar till fiskPassar till fågelPassar till grönsakerPassar till sällskapsdryck,ljus lager,pilsner,7.848484848484848
1420,spruce diamond frog lord,skellefteå bryggeri ab,sverige,330.0,69.3,6.0,9.0,7.0,Passar till nötPassar till viltPassar till ostPassar till sällskapsdryck,ale,barley wine,21.0
1421,electric nurse dragonfly barley wine,brewtrade sweden ab,sverige,330.0,49.9,7.0,10.0,7.0,Passar till nötPassar till ostPassar till viltPassar till sällskapsdryck,ale,barley wine,15.121212121212121
1422,verzet super noah,,belgien,330.0,25.0,6.0,5.0,2.0,Passar till fiskPassar till fågelPassar till grönsakerPassar till sällskapsdryck,ale,belgisk ljus ale,7.575757575757576
1423,waxholm kellerbier,,sverige,440.0,29.9,6.0,6.0,2.0,Passar till fågelPassar till fläskPassar till lammPassar till sällskapsdryck,ljus lager,zwickel,6.795454545454545
1424,tasty trout,,sverige,330.0,29.8,7.0,6.0,1.0,Passar till fiskPassar till fläskPassar till fågelPassar till sällskapsdryck,ljus lager,modern stil/india pale lager,9.03030303030303
1425,how to keep on jammin',nordic sour,sverige,330.0,28.9,2.0,4.0,1.0,Passar till aperitifPassar till sällskapsdryck,övrig syrlig öl,,8.757575757575758
1426,bryggverket dubbel,,sverige,330.0,39.9,6.0,6.0,3.0,Passar till lammPassar till nötPassar till viltPassar till sällskapsdryck,ale,dubbel,12.090909090909092
1427,södra sour love,,sverige,330.0,31.9,2.0,4.0,1.0,Passar till aperitifPassar till sällskapsdryck,övrig syrlig öl,,9.666666666666666
1428,best of bagis,passion ipa,sverige,330.0,32.9,6.0,6.0,2.0,Passar till fågelPassar till fläskPassar till sällskapsdryck,ale,india pale ale,9.969696969696969
1429,brygghus 19,galactic boss,sverige,473.0,69.9,6.0,11.0,8.0,Passar till sällskapsdryckPassar till dessert,imperial porter och stout,,14.77801268498943
1430,hop notch hokus pokus nedipa,,sverige,330.0,39.9,7.0,8.0,4.0,Passar till lammPassar till nötPassar till sällskapsdryck,ale,imperial/dubbel ipa,12.090909090909092
1431,walhöll brygghus,urds brunn,sverige,750.0,65.0,6.0,7.0,2.0,Passar till fläskPassar till grönsakerPassar till lammPassar till sällskapsdryck,ale,amber ale,8.666666666666668
1432,spårvagnen,vete,sverige,330.0,19.8,2.0,4.0,1.0,Passar till asiatisktPassar till kryddstarktPassar till grönsakerPassar till fläsk,veteöl,witbier,6.000000000000001
1433,söirli dräue,snausarve gårdsbryggeri,sverige,375.0,131.8,,,,,syrlig öl,frukt,35.14666666666667
1434,ekerö brygghus,lager,sverige,330.0,21.5,4.0,4.0,2.0,Passar till fiskPassar till fläskPassar till grönsakerPassar till sällskapsdryck,ljus lager,internationell stil,6.515151515151516
1435,hönö,klåva,sverige,330.0,27.9,5.0,5.0,1.0,Passar till fiskPassar till grönsakerPassar till skaldjurPassar till sällskapsdryck,ljus lager,modern stil/india pale lager,8.454545454545453
1436,graffitisthlm,klive #9,sverige,440.0,46.9,6.0,7.0,2.0,Passar till fläskPassar till grönsakerPassar till lammPassar till sällskapsdryck,ale,new england ipa/hazy ipa,10.659090909090908
1437,jädraöl oktoberbärs,,sverige,330.0,25.9,5.0,5.0,1.0,Passar till fågelPassar till fläskPassar till grönsakerPassar till sällskapsdryck,ljus lager,dortmunder och helles,7.848484848484848
1438,thirsty hippo,coriander amber ale,sverige,330.0,28.1,7.0,6.0,1.0,Passar till lammPassar till nötPassar till sällskapsdryck,ale,amber ale,8.515151515151516
1439,skebo,lantöl,sverige,500.0,31.2,8.0,7.0,2.0,Passar till lammPassar till nötPassar till sällskapsdryck,ale,engelsk pale ale och bitter,6.239999999999999
1440,kona,hanalei india pale ale,usa,355.0,22.9,7.0,6.0,2.0,Passar till sällskapsdryck,ale,india pale ale,6.450704225352112
1441,swheat,,sverige,330.0,19.8,8.0,8.0,1.0,Passar till lammPassar till nötPassar till sällskapsdryck,,,6.000000000000001
1442,rlgk 18868,celebration stout,sverige,330.0,49.9,7.0,10.0,6.0,Passar till dessertPassar till nötPassar till vilt,imperial porter och stout,,15.121212121212121
1443,pax,polaris,sverige,330.0,30.0,7.0,7.0,3.0,Passar till sällskapsdryckPassar till nötPassar till viltPassar till lamm,ale,strong ale,9.090909090909092
1444,train station brewery,off the rails pale ale,sverige,330.0,24.9,8.0,6.0,1.0,Passar till lammPassar till nötPassar till sällskapsdryck,ale,amerikansk pale ale,7.545454545454546
1445,amundsen,ink & dagger modern day ipa,norge,330.0,26.9,8.0,7.0,3.0,Passar till lammPassar till nötPassar till sällskapsdryck,ale,india pale ale,8.15151515151515
1446,charlis,hallon,sverige,330.0,41.8,6.0,8.0,2.0,Passar till lammPassar till nötPassar till sällskapsdryckPassar till vilt,imperial porter och stout,,12.666666666666664
1447,fully sessions,,sverige,330.0,30.0,6.0,5.0,2.0,Passar till fläskPassar till lammPassar till sällskapsdryck,ale,session ipa,9.090909090909092
1448,morgondagens gottegris,,sverige,330.0,38.9,3.0,5.0,1.0,Passar till aperitifPassar till sällskapsdryck,syrlig öl,berliner weisse,11.787878787878787
1449,hönö skagerrak ipa,hönöbryggeriet,sverige,330.0,32.9,7.0,7.0,3.0,Passar till fågelPassar till fläskPassar till sällskapsdryck,ale,india pale ale,9.969696969696969
1450,rådanäs pale ale,,sverige,330.0,24.9,7.0,7.0,3.0,Passar till lammPassar till nötPassar till sällskapsdryck,ale,amerikansk pale ale,7.545454545454546
1451,eskilstuna ölkultur,blonde,sverige,330.0,24.9,4.0,4.0,1.0,Passar till fågelPassar till fläskPassar till sällskapsdryck,ale,belgisk ljus ale,7.545454545454546
1452,stigbergets,flamingo juice,sverige,330.0,37.9,2.0,5.0,1.0,Passar till sällskapsdryck,syrlig öl,gose och lichtenhainer,11.484848484848484
1453,stockholm noir,,sverige,330.0,39.0,7.0,8.0,2.0,Passar till nötPassar till lammPassar till viltPassar till sällskapsdryck,imperial porter och stout,,11.818181818181818
1454,költur that's what she said,amber ale,sverige,330.0,27.9,9.0,7.0,1.0,Passar till lammPassar till nötPassar till sällskapsdryck,ale,amber ale,8.454545454545453
1455,lengräddad ipa,,sverige,330.0,34.9,7.0,6.0,1.0,Passar till sällskapsdryck,ale,india pale ale,10.575757575757576
1456,limhamns,rosé,sverige,330.0,29.9,2.0,4.0,1.0,Passar till aperitifPassar till sällskapsdryck,syrlig öl,berliner weisse,9.06060606060606
1457,sumprunkarens svarta,porter,sverige,330.0,44.2,6.0,7.0,1.0,Passar till nötPassar till sällskapsdryckPassar till vilt,porter och stout,,13.393939393939394
1458,gnesta apa'n,södermännens hantverksbryggeri ab,sverige,330.0,26.9,8.0,7.0,1.0,Passar till lammPassar till nötPassar till sällskapsdryck,ale,amerikansk pale ale,8.15151515151515
1459,carlstad ipa,,sverige,330.0,26.7,9.0,7.0,1.0,Passar till lammPassar till nötPassar till sällskapsdryck,ale,india pale ale,8.09090909090909
1460,stockholm brewing,intergalactic pale ale,sverige,330.0,31.4,7.0,6.0,1.0,Passar till fläskPassar till lammPassar till sällskapsdryck,ale,amerikansk pale ale,9.515151515151516
1461,tripel,hantverksbryggeriet,sverige,330.0,39.9,7.0,8.0,3.0,Passar till sällskapsdryckPassar till fågelPassar till fläskPassar till ost,ale,trippel,12.090909090909092
1462,oppigårds,fragg ipa,sverige,330.0,27.9,6.0,7.0,2.0,Passar till fiskPassar till fågelPassar till fläskPassar till sällskapsdryck,ale,india pale ale,8.454545454545453
1463,creatures,singularity,sverige,330.0,20.0,7.0,5.0,1.0,Passar till fläskPassar till lammPassar till sällskapsdryck,ale,amerikansk pale ale,6.0606060606060606
1464,the terrible tigers,double ipa,sverige,330.0,34.9,9.0,8.0,2.0,Passar till lammPassar till nötPassar till sällskapsdryck,ale,imperial/dubbel ipa,10.575757575757576
1465,northern country,northern brewers,sverige,330.0,28.2,7.0,6.0,1.0,Passar till fläskPassar till lammPassar till sällskapsdryck,ale,engelsk pale ale och bitter,8.545454545454545
1466,duckpond,belly flop,sverige,330.0,39.9,2.0,4.0,1.0,Passar till sällskapsdryck,syrlig öl,berliner weisse,12.090909090909092
1467,akia brygghus,here comes the sun,sverige,440.0,39.5,7.0,7.0,2.0,Passar till lammPassar till nötPassar till sällskapsdryck,ale,new england ipa/hazy ipa,8.977272727272727
1468,the curse of wafver,,sverige,330.0,79.9,7.0,10.0,5.0,Passar till nötPassar till viltPassar till sällskapsdryck,imperial porter och stout,,24.21212121212121
1469,birra all'italiana,,sverige,330.0,24.0,3.0,4.0,1.0,Passar till fiskPassar till grönsakerPassar till skaldjurPassar till sällskapsdryck,ljus lager,internationell stil,7.2727272727272725
1470,akia brygghus,here comes the sun,sverige,440.0,39.5,7.0,7.0,2.0,Passar till lammPassar till nötPassar till sällskapsdryck,ale,new england ipa/hazy ipa,8.977272727272727
1471,obstructed visibility,,sverige,440.0,43.9,8.0,6.0,2.0,Passar till lammPassar till nötPassar till sällskapsdryck,ale,new england ipa/hazy ipa,9.977272727272727
1472,cinderyella,brewing költur,sverige,330.0,29.9,8.0,7.0,2.0,Passar till lammPassar till nötPassar till sällskapsdryck,ale,india pale ale,9.06060606060606
1473,extravagant,billdale,sverige,330.0,32.0,7.0,7.0,2.0,Passar till fläskPassar till lammPassar till sällskapsdryck,ale,extra special bitter,9.696969696969697
1474,randig lager,,sverige,330.0,23.9,5.0,5.0,2.0,Passar till fiskPassar till fågelPassar till grönsakerPassar till sällskapsdryck,ljus lager,pilsner,7.242424242424242
1475,sälens fjällbryggeri,gustav's lager,sverige,330.0,19.9,5.0,5.0,1.0,Passar till fiskPassar till fågelPassar till fläskPassar till sällskapsdryck,ljus lager,modern stil/india pale lager,6.030303030303029
1476,birra all'italiana,,sverige,330.0,24.0,3.0,4.0,1.0,Passar till fiskPassar till grönsakerPassar till skaldjurPassar till sällskapsdryck,ljus lager,internationell stil,7.2727272727272725
1477,ripa,hantverksbryggeriet,sverige,330.0,28.0,7.0,7.0,2.0,Passar till lammPassar till nötPassar till sällskapsdryck,ale,india pale ale,8.484848484848486
1478,never mind the bitter,hyllie bryggeri,sverige,440.0,28.0,6.0,6.0,1.0,Passar till fågelPassar till fläskPassar till grönsakerPassar till sällskapsdryck,ale,engelsk pale ale och bitter,6.363636363636363
1479,piraya lager modern style,the piraya brewery,sverige,330.0,24.1,7.0,6.0,1.0,Passar till fläskPassar till lammPassar till sällskapsdryck,ljus lager,modern stil/india pale lager,7.303030303030303
1480,slottskällan,yankee ipa,sverige,440.0,45.9,6.0,7.0,1.0,Passar till fågelPassar till fläskPassar till grönsakerPassar till sällskapsdryck,ale,new england ipa/hazy ipa,10.431818181818182
1481,billdale & co,caribbean nights,sverige,330.0,32.9,6.0,6.0,2.0,Passar till fågelPassar till fläskPassar till grönsakerPassar till sällskapsdryck,ale,amerikansk pale ale,9.969696969696969
1482,hantverksbryggeriet,ofiltrerad lager hallertau blanc,sverige,330.0,22.9,6.0,6.0,1.0,Passar till sällskapsdryckPassar till fågelPassar till fläskPassar till grönsaker,ljus lager,dortmunder och helles,6.939393939393939
1483,värmdö bryggeri,ingarö pale ale,sverige,330.0,27.9,8.0,7.0,2.0,Passar till fläskPassar till lammPassar till nöt,ale,india pale ale,8.454545454545453
1484,einstök,icelandic pale ale,island,330.0,26.9,6.0,6.0,2.0,Passar till lammPassar till nötPassar till sällskapsdryck,ale,amerikansk pale ale,8.15151515151515
1485,balder,patersbier,sverige,330.0,24.9,3.0,6.0,6.0,Passar till ostPassar till sällskapsdryck,ale,belgisk ljus ale,7.545454545454546
1486,ladre:n,tjers bryggeri ab,sverige,330.0,41.4,7.0,6.0,2.0,Passar till lammPassar till nötPassar till sällskapsdryck,ale,brown ale,12.545454545454545
1487,fortets ipa,,sverige,330.0,28.5,7.0,7.0,2.0,Passar till lammPassar till nötPassar till sällskapsdryck,ale,india pale ale,8.636363636363637
1488,pax origo,,sverige,330.0,26.9,7.0,6.0,1.0,Passar till lammPassar till nötPassar till sällskapsdryck,ale,amerikansk pale ale,8.15151515151515
1489,egnahems pilsner,,sverige,330.0,24.9,7.0,6.0,1.0,Passar till fågelPassar till fläskPassar till sällskapsdryck,ljus lager,pilsner,7.545454545454546
1490,dalslands lager,,sverige,330.0,25.9,5.0,5.0,1.0,Passar till fiskPassar till fågelPassar till fläskPassar till sällskapsdryck,mellanmörk lager,,7.848484848484848
1491,frisky fox,irish red ale,sverige,330.0,28.0,6.0,6.0,2.0,Passar till lammPassar till nötPassar till sällskapsdryck,ale,irländsk ale,8.484848484848486
1492,lambiek,fabriek organic geuze natur-elle,belgien,750.0,134.2,,,,,syrlig öl,gueuze,17.89333333333333
1493,farm to kettöl,brewing költur,sverige,330.0,32.9,3.0,5.0,2.0,Passar till fågelPassar till fläskPassar till kryddstarktPassar till sällskapsdryck,ale,saison,9.969696969696969
1494,o/o,spring saison,sverige,750.0,71.1,,,,,ale,saison,9.48
1495,coolship resurgam,,usa,375.0,117.9,,,,,övrig syrlig öl,,31.44
1496,brewtrade,electric nurse bonecrusher ipa,sverige,330.0,30.0,7.0,7.0,2.0,Passar till fläskPassar till lammPassar till sällskapsdryck,ale,new england ipa/hazy ipa,9.090909090909092
1497,pangpang,pink grapefruit preacher,sverige,330.0,49.9,4.0,6.0,3.0,Passar till sällskapsdryck,övrig syrlig öl,,15.121212121212121
1498,quarantined in a belgian abbey,mälardalen brewing company,sverige,330.0,34.5,5.0,8.0,3.0,Passar till lammPassar till nötPassar till sällskapsdryck,ale,trippel,10.454545454545453
1499,nacka baltic porter,,sverige,330.0,58.9,6.0,9.0,4.0,Passar till nötPassar till viltPassar till sällskapsdryck,imperial porter och stout,,17.848484848484848
1500,mango riot sour beer,örebro brygghus,sverige,330.0,32.9,2.0,5.0,1.0,Passar till sällskapsdryck,övrig syrlig öl,,9.969696969696969
1501,ängöl x biobaren ipl,,sverige,440.0,43.5,7.0,7.0,1.0,Passar till fläskPassar till lammPassar till sällskapsdryck,ljus lager,modern stil/india pale lager,9.886363636363637
1502,hantverksbryggeriet,fipa,sverige,330.0,28.0,4.0,5.0,1.0,Passar till fiskPassar till grönsakerPassar till fågelPassar till sällskapsdryck,ale,india pale ale,8.484848484848486
1503,northern,björksav,sverige,330.0,29.6,,,,,ale,golden/blond ale,8.96969696969697
1504,mikkeller hop opera,imperial new england style ipa,danmark,440.0,64.9,7.0,7.0,3.0,Passar till fläskPassar till lammPassar till sällskapsdryck,ale,imperial/dubbel ipa,14.750000000000002
1505,norrskum,bottenvikens bryggeri,sverige,330.0,31.9,8.0,8.0,2.0,Passar till sällskapsdryckPassar till lammPassar till nöt,ale,india pale ale,9.666666666666666
1506,triangel saison,2021,sverige,750.0,63.6,5.0,4.0,1.0,Passar till fiskPassar till fågelPassar till sällskapsdryck,ale,saison,8.48
1507,goodness grapecious,ipa,sverige,330.0,29.9,4.0,3.0,1.0,Passar till fiskPassar till skaldjurPassar till sällskapsdryck,ale,india pale ale,9.06060606060606
1508,hönö session ipa,hönöbryggeriet,sverige,330.0,29.0,9.0,6.0,1.0,Passar till lammPassar till nötPassar till sällskapsdryck,ale,session ipa,8.787878787878787
1509,northern,hjortron ale,sverige,330.0,38.2,6.0,5.0,2.0,Passar till lammPassar till fläskPassar till sällskapsdryck,ale,golden/blond ale,11.575757575757576
1510,flowers,,sverige,440.0,29.7,5.0,5.0,2.0,Passar till fiskPassar till fågelPassar till fläskPassar till sällskapsdryck,ljus lager,pilsner,6.75
1511,magnebergs märzen,,sverige,330.0,25.1,4.0,5.0,2.0,Passar till fågelPassar till fläskPassar till sällskapsdryck,mellanmörk lager,märzen och wienerstil,7.606060606060606
1512,black is beautiful,,sverige,440.0,35.9,6.0,7.0,2.0,Passar till lammPassar till nötPassar till sällskapsdryck,ale,black ipa,8.159090909090908
1513,hantverksbryggeriet,dipa,sverige,330.0,35.0,8.0,8.0,3.0,Passar till lammPassar till nötPassar till sällskapsdryck,ale,imperial/dubbel ipa,10.606060606060606
1514,sad robot,marilyn,sverige,330.0,23.7,5.0,5.0,1.0,Passar till fiskPassar till fågelPassar till fläskPassar till sällskapsdryck,ale,golden/blond ale,7.1818181818181825
1515,sad robot,marilyn,sverige,330.0,23.7,5.0,5.0,1.0,Passar till fiskPassar till fågelPassar till fläskPassar till sällskapsdryck,ale,golden/blond ale,7.1818181818181825
1516,bönhasens beska,india pale ale,sverige,330.0,38.4,9.0,7.0,2.0,Passar till lammPassar till nötPassar till sällskapsdryck,ale,india pale ale,11.636363636363637
1517,roslagens ipa,,sverige,330.0,24.9,7.0,7.0,2.0,Passar till lammPassar till nötPassar till sällskapsdryck,ale,india pale ale,7.545454545454546
1518,no. 2,india pale ale,sverige,330.0,29.8,7.0,7.0,3.0,Passar till lammPassar till nötPassar till sällskapsdryck,ale,india pale ale,9.03030303030303
1519,gehenna,,sverige,330.0,24.9,3.0,3.0,1.0,Passar till sällskapsdryck,övrig syrlig öl,,7.545454545454546
1520,stjernsund brygghus,cronstedt,sverige,330.0,21.9,6.0,6.0,1.0,Passar till fiskPassar till fågelPassar till fläskPassar till sällskapsdryck,ljus lager,pilsner,6.636363636363636
1521,sibbarps husbryggeri new england ipa,sibbarps husbryggeri ab,sverige,330.0,29.9,7.0,7.0,1.0,Passar till fläskPassar till lammPassar till nötPassar till sällskapsdryck,ale,india pale ale,9.06060606060606
1522,örebro brygghus ipa,,sverige,330.0,26.9,6.0,5.0,3.0,Passar till fågelPassar till fläskPassar till sällskapsdryck,ale,india pale ale,8.15151515151515
1523,frej,,sverige,330.0,23.7,6.0,6.0,1.0,Passar till lammPassar till fläskPassar till sällskapsdryck,ljus lager,pilsner,7.1818181818181825
1524,borenshult,motala ipa,sverige,330.0,25.0,7.0,6.0,1.0,Passar till fläskPassar till lammPassar till nötPassar till sällskapsdryck,ale,india pale ale,7.575757575757576
1525,guld pale ale,,sverige,500.0,29.9,7.0,6.0,1.0,Passar till fågelPassar till fläskPassar till sällskapsdryck,ale,amerikansk pale ale,5.9799999999999995
1526,åkersberga bryggeri,båtstorp new world pale ale,sverige,330.0,24.9,7.0,7.0,2.0,Passar till lammPassar till nötPassar till sällskapsdryck,ale,amerikansk pale ale,7.545454545454546
1527,grästorps,trädgårds öl,sverige,330.0,28.8,5.0,6.0,1.0,Passar till fläskPassar till lammPassar till sällskapsdryck,,,8.727272727272728
1528,bergslagens portrait brown ale,,sverige,330.0,26.9,6.0,6.0,2.0,Passar till lammPassar till nötPassar till sällskapsdryck,ale,brown ale,8.15151515151515
1529,keep bombing,,sverige,330.0,32.9,8.0,7.0,2.0,Passar till lammPassar till nötPassar till sällskapsdryck,ale,new england ipa/hazy ipa,9.969696969696969
1530,folkes dubbelipa,aktiebolaget centralbryggeriet i linköping,sverige,330.0,37.0,8.0,7.0,2.0,Passar till lammPassar till nötPassar till sällskapsdryck,ale,imperial/dubbel ipa,11.212121212121213
1531,waxholm,pale ale,sverige,330.0,27.4,5.0,5.0,1.0,Passar till fiskPassar till fågelPassar till fläskPassar till sällskapsdryck,ale,engelsk pale ale och bitter,8.303030303030303
1532,ellas ipa,,sverige,330.0,28.5,7.0,6.0,2.0,Passar till fläskPassar till lammPassar till sällskapsdryck,ale,india pale ale,8.636363636363637
1533,fulltofta,humlenunna,sverige,330.0,32.0,5.0,7.0,3.0,Passar till lammPassar till nötPassar till sällskapsdryck,ale,trippel,9.696969696969697
1534,stargazer,figeholms bryggeri,sverige,330.0,34.0,8.0,7.0,2.0,Passar till sällskapsdryckPassar till lammPassar till fläsk,ale,india pale ale,10.303030303030303
1535,wapnö örekulla bärliner,,sverige,330.0,42.9,3.0,5.0,2.0,Passar till aperitifPassar till sällskapsdryck,syrlig öl,berliner weisse,13.0
1536,coppersmith's westerås dark lager,coppersmith's ab,sverige,330.0,22.0,6.0,6.0,2.0,Passar till fläskPassar till lammPassar till sällskapsdryck,mörk lager,schwarzbier,6.666666666666667
1537,gotte öl,,sverige,330.0,22.9,6.0,6.0,2.0,Passar till fågelPassar till fläskPassar till sällskapsdryckPassar till grönsaker,ljus lager,pilsner,6.939393939393939
1538,tysk ale,hönsinge hantwerksbryggeri,sverige,330.0,26.7,6.0,6.0,2.0,Passar till fläskPassar till lammPassar till sällskapsdryck,ale,kölsch,8.09090909090909
1539,lump of coal dark holiday,stout gf,storbritannien,330.0,24.7,7.0,6.0,2.0,Passar till fläskPassar till lammPassar till nötPassar till sällskapsdryck,torr porter och stout,,7.484848484848484
1540,thirsty dog,bernese barley wine,usa,355.0,42.9,7.0,9.0,7.0,Passar till lammPassar till nötPassar till sällskapsdryckPassar till vilt,ale,barley wine,12.084507042253522
1541,what the whaka,nz style pilsner,sverige,330.0,29.9,5.0,5.0,1.0,Passar till fiskPassar till grönsakerPassar till skaldjurPassar till sällskapsdryck,ljus lager,modern stil/india pale lager,9.06060606060606
1542,coppersmith's hazy session ipa,,sverige,440.0,24.9,5.0,5.0,1.0,Passar till fågelPassar till fläskPassar till grönsakerPassar till sällskapsdryck,ale,session ipa,5.659090909090909
1543,gnesta golden,,sverige,330.0,24.9,7.0,6.0,2.0,Passar till sällskapsdryckPassar till lammPassar till nöt,ale,golden/blond ale,7.545454545454546
1544,sophistiqué,billdale,sverige,440.0,49.9,8.0,7.0,2.0,Passar till lammPassar till nötPassar till sällskapsdryck,ale,india pale ale,11.34090909090909
1545,bite the dust,india brown ale,sverige,330.0,34.9,7.0,7.0,1.0,Passar till sällskapsdryckPassar till lammPassar till nöt,ale,india pale ale,10.575757575757576
1546,wapnö,perla lager,sverige,330.0,22.5,3.0,4.0,1.0,Passar till fiskPassar till fågelPassar till fläskPassar till sällskapsdryck,ljus lager,internationell stil,6.8181818181818175
1547,wapnö,blenda ipa,sverige,330.0,25.9,8.0,7.0,3.0,Passar till lammPassar till fläskPassar till sällskapsdryck,ale,india pale ale,7.848484848484848
1548,tripel 2020,eskilstuna ölkultur,sverige,330.0,32.5,6.0,7.0,3.0,Passar till fågelPassar till fläskPassar till ost,ale,trippel,9.848484848484848
1549,how to go from lazy to hazy,,sverige,330.0,34.9,6.0,7.0,3.0,Passar till fläskPassar till grönsakerPassar till lammPassar till sällskapsdryck,ale,new england ipa/hazy ipa,10.575757575757576
1550,brewtrade,electric nurse tripel,sverige,330.0,37.5,5.0,8.0,2.0,Passar till fläskPassar till grönsakerPassar till lammPassar till sällskapsdryck,ale,trippel,11.363636363636363
1551,leufsta,apa,sverige,330.0,23.2,8.0,6.0,1.0,Passar till fågelPassar till fläskPassar till sällskapsdryck,ale,amerikansk pale ale,7.030303030303029
1552,morgondagens bryggeri,morgondagens misshappen,sverige,330.0,39.9,2.0,4.0,1.0,Passar till sällskapsdryck,syrlig öl,berliner weisse,12.090909090909092
1553,slottskällan,uppsala bärnsten,sverige,500.0,29.9,6.0,6.0,1.0,Passar till fläskPassar till fågelPassar till grönsakerPassar till sällskapsdryck,mellanmörk lager,märzen och wienerstil,5.9799999999999995
1554,dubbel 2.0,två feta grisar,sverige,330.0,32.4,5.0,8.0,2.0,Passar till grönsakerPassar till lammPassar till nötPassar till sällskapsdryck,ale,dubbel,9.818181818181818
1555,how to tease the bees,this how brewery,sverige,330.0,31.1,2.0,3.0,1.0,Passar till aperitifPassar till fiskPassar till grönsakerPassar till skaldjur,övrig syrlig öl,,9.424242424242426
1556,hopsie daisy,stout out loud,sverige,330.0,32.9,6.0,8.0,5.0,Passar till lammPassar till nötPassar till sällskapsdryckPassar till vilt,imperial porter och stout,,9.969696969696969
1557,no. 1,american pale ale,sverige,330.0,29.9,7.0,6.0,1.0,Passar till lammPassar till nötPassar till sällskapsdryck,ale,amerikansk pale ale,9.06060606060606
1558,leafy stardust red ale,,sverige,330.0,23.1,8.0,7.0,1.0,Passar till lammPassar till nötPassar till sällskapsdryck,ale,irländsk ale,7.000000000000001
1559,fermenterarna,hello trendsetter neipa,sverige,440.0,49.9,7.0,7.0,3.0,Passar till lammPassar till nötPassar till sällskapsdryck,ale,new england ipa/hazy ipa,11.34090909090909
1560,lokal lager,inlands bryggeri ab,sverige,330.0,18.5,4.0,4.0,1.0,Passar till fiskPassar till fågelPassar till grönsakerPassar till sällskapsdryck,ljus lager,internationell stil,5.606060606060606
1561,sabotage double ipa,värmdö bryggeri ab,sverige,330.0,34.9,8.0,8.0,4.0,Passar till lammPassar till nötPassar till sällskapsdryck,ale,imperial/dubbel ipa,10.575757575757576
1562,gjutarns bästa ale,,sverige,500.0,31.2,7.0,6.0,2.0,Passar till fläskPassar till lammPassar till nötPassar till sällskapsdryck,ale,engelsk pale ale och bitter,6.239999999999999
1563,kungliga marstrands,ljusa lager,sverige,330.0,22.9,6.0,6.0,2.0,Passar till fågelPassar till fläskPassar till lammPassar till nöt,ljus lager,pilsner,6.939393939393939
1564,coppersmith's,the knight's ipa,sverige,330.0,24.5,7.0,7.0,1.0,Passar till fläskPassar till lammPassar till nötPassar till sällskapsdryck,ale,india pale ale,7.424242424242425
1565,norrsken india pale ale,orsholms brygghus,sverige,330.0,31.9,8.0,8.0,1.0,Passar till lammPassar till nötPassar till sällskapsdryck,ale,india pale ale,9.666666666666666
1566,räntmästarens röda,irländsk röd lager,sverige,330.0,29.9,7.0,7.0,2.0,Passar till lammPassar till nötPassar till sällskapsdryck,mellanmörk lager,märzen och wienerstil,9.06060606060606
1567,marmalade,porter,storbritannien,500.0,36.7,7.0,7.0,2.0,Passar till lammPassar till nötPassar till sällskapsdryckPassar till vilt,torr porter och stout,,7.340000000000001
1568,ytterby india pale ale,,sverige,330.0,29.8,8.0,7.0,3.0,Passar till nötPassar till sällskapsdryckPassar till vilt,ale,india pale ale,9.03030303030303
1569,hopsie daisy,no more excuses ipa,sverige,330.0,28.9,8.0,6.0,2.0,Passar till lammPassar till nötPassar till sällskapsdryck,ale,india pale ale,8.757575757575758
1570,whoppin' ipa,gamla hesselby bryggeri ab,sverige,330.0,29.9,8.0,6.0,1.0,Passar till lammPassar till nötPassar till sällskapsdryck,ale,india pale ale,9.06060606060606
1571,easter bliss ale,,sverige,330.0,19.9,6.0,7.0,2.0,Passar till fläskPassar till lammPassar till nötPassar till sällskapsdryck,ale,strong ale,6.030303030303029
1572,såolö:ga,,sverige,330.0,44.1,6.0,6.0,1.0,Passar till sällskapsdryckPassar till fågelPassar till fläsk,ale,saison,13.363636363636363
1573,freja chocolate stout,,sverige,330.0,32.2,8.0,8.0,3.0,Passar till lammPassar till nötPassar till sällskapsdryckPassar till vilt,imperial porter och stout,,9.757575757575758
1574,roslagens pale ale,,sverige,330.0,24.9,5.0,6.0,1.0,Passar till fläskPassar till lammPassar till nötPassar till sällskapsdryck,ale,engelsk pale ale och bitter,7.545454545454546
1575,västerhavet,sommar ale,sverige,330.0,23.9,5.0,5.0,1.0,Passar till sällskapsdryckPassar till fiskPassar till fågelPassar till fläsk,ale,golden/blond ale,7.242424242424242
1576,wessinge brygghus,mosaik ipa,sverige,330.0,24.9,7.0,6.0,2.0,Passar till sällskapsdryckPassar till lammPassar till nöt,ale,india pale ale,7.545454545454546
1577,optimus in love,hallon stout,sverige,330.0,28.9,5.0,7.0,4.0,Passar till sällskapsdryck,imperial porter och stout,,8.757575757575758
1578,bröderna bommen,brown ale,sverige,330.0,29.5,5.0,5.0,1.0,Passar till lammPassar till nöt,ale,brown ale,8.93939393939394
1579,equalizer,"ipa, 2018",sverige,330.0,32.9,7.0,7.0,3.0,Passar till lammPassar till nötPassar till sällskapsdryck,ale,india pale ale,9.969696969696969
1580,ekenäs,motala brown ale,sverige,330.0,25.0,6.0,6.0,1.0,Passar till lammPassar till nötPassar till sällskapsdryck,ale,brown ale,7.575757575757576
1581,bapelsin,emmaboda bryggeri ab,sverige,330.0,29.9,7.0,7.0,1.0,Passar till lammPassar till nötPassar till sällskapsdryck,ale,india pale ale,9.06060606060606
1582,hå,härjebrygg,sverige,330.0,25.0,4.0,4.0,1.0,Passar till fiskPassar till fågelPassar till sällskapsdryck,,,7.575757575757576
1583,stigbergets,bigger bolder,sverige,440.0,55.0,8.0,8.0,3.0,Passar till lammPassar till nötPassar till sällskapsdryck,ale,imperial/dubbel ipa,12.5
1584,wisby honungsöl,,sverige,330.0,26.9,5.0,6.0,2.0,Passar till fågelPassar till fläskPassar till sällskapsdryck,ale,bière de garde,8.15151515151515
1585,slottskällan,uppsala oktober,sverige,500.0,29.0,5.0,5.0,2.0,Passar till fågelPassar till fläskPassar till sällskapsdryck,mellanmörk lager,märzen och wienerstil,5.800000000000001
1586,vreta kloster nanobryggeri,st. helena,sverige,330.0,49.9,5.0,8.0,3.0,Passar till lammPassar till nötPassar till sällskapsdryckPassar till ost,ale,belgisk mörk ale,15.121212121212121
1587,wapnö zantippa ipa,,sverige,330.0,24.9,7.0,7.0,2.0,Passar till fläskPassar till lammPassar till sällskapsdryck,ale,india pale ale,7.545454545454546
1588,nääs promenadstout,,sverige,330.0,21.9,5.0,7.0,2.0,Passar till lammPassar till nötPassar till sällskapsdryckPassar till vilt,torr porter och stout,,6.636363636363636
1589,easturn twang,spike brewery,sverige,440.0,50.0,7.0,7.0,3.0,Passar till fläskPassar till lammPassar till nötPassar till sällskapsdryck,ale,extra special bitter,11.363636363636363
1590,tora pale ale,wapnö,sverige,330.0,23.0,6.0,6.0,2.0,Passar till sällskapsdryckPassar till lammPassar till nöt,ale,engelsk pale ale och bitter,6.969696969696971
1591,black sheep,hyllie bryggeri,sverige,330.0,30.9,6.0,7.0,1.0,Passar till lammPassar till fläskPassar till sällskapsdryckPassar till grönsaker,mörk lager,schwarzbier,9.363636363636363
1592,the pineridge brewery,the crazy crows black ipa,sverige,330.0,29.5,7.0,7.0,2.0,Passar till lammPassar till nötPassar till sällskapsdryckPassar till vilt,ale,black ipa,8.93939393939394
1593,vargavinter,billdale & co ab,sverige,440.0,42.8,9.0,8.0,2.0,Passar till lammPassar till nötPassar till sällskapsdryck,ale,india pale ale,9.727272727272727
1594,södra kingdom of brandbergen,choco coco vanilla stout,sverige,330.0,49.9,6.0,8.0,8.0,Passar till sällskapsdryck,imperial porter och stout,,15.121212121212121
1595,how dare you ddh ipa,,sverige,440.0,43.9,7.0,7.0,4.0,Passar till lammPassar till nötPassar till sällskapsdryck,ale,india pale ale,9.977272727272727
1596,8th year stout,all in brewing,sverige,330.0,63.1,7.0,10.0,10.0,Passar till dessertPassar till sällskapsdryck,imperial porter och stout,,19.12121212121212
1597,magic macaw,the uncharted brewing company,sverige,330.0,29.9,2.0,4.0,1.0,Passar till aperitifPassar till sällskapsdryck,övrig syrlig öl,,9.06060606060606
1598,the uncharted brewing co,hoppy rabbit,sverige,330.0,28.1,8.0,7.0,2.0,Passar till lammPassar till nötPassar till sällskapsdryck,ale,india pale ale,8.515151515151516
1599,electric nurse dubbel,brewtrade sweden ab,sverige,330.0,37.5,6.0,8.0,3.0,Passar till grönsakerPassar till lammPassar till nötPassar till sällskapsdryck,ale,dubbel,11.363636363636363
1600,hernö hantverksöl,åstö pale ale,sverige,330.0,27.6,6.0,6.0,1.0,Passar till fläskPassar till lammPassar till sällskapsdryck,ale,amerikansk pale ale,8.363636363636365
1601,northern,stout,sverige,330.0,48.4,7.0,7.0,2.0,Passar till lammPassar till nötPassar till sällskapsdryckPassar till vilt,torr porter och stout,,14.666666666666666
1602,brewing költur,golden hands of pollen,sverige,750.0,129.9,3.0,4.0,1.0,Passar till fiskPassar till grönsakerPassar till skaldjurPassar till sällskapsdryck,övrig syrlig öl,,17.32
1603,morgondagens,freezing,sverige,330.0,39.9,2.0,4.0,2.0,Passar till sällskapsdryck,syrlig öl,berliner weisse,12.090909090909092
1604,mörk vienna,,sverige,330.0,26.9,6.0,8.0,2.0,Passar till grönsakerPassar till lammPassar till nötPassar till sällskapsdryck,ale,altbier,8.15151515151515
1605,northern oktobeer,,sverige,330.0,29.6,5.0,5.0,2.0,Passar till fågelPassar till fläskPassar till grönsakerPassar till sällskapsdryck,mellanmörk lager,märzen och wienerstil,8.96969696969697
1606,star festbier,,sverige,500.0,34.5,5.0,6.0,1.0,Passar till fågelPassar till fläskPassar till sällskapsdryckPassar till grönsaker,ljus lager,starkare lager,6.9
1607,apex,maelstrom dipa,sverige,440.0,54.9,7.0,8.0,4.0,Passar till lammPassar till nötPassar till sällskapsdryck,ale,imperial/dubbel ipa,12.477272727272727
1608,leufsta apa,,sverige,330.0,23.2,8.0,6.0,1.0,Passar till fågelPassar till fläskPassar till sällskapsdryck,ale,amerikansk pale ale,7.030303030303029
1609,hkfy habanero ipa,,sverige,330.0,38.9,7.0,7.0,2.0,Passar till fågelPassar till fläskPassar till sällskapsdryck,ale,india pale ale,11.787878787878787
1610,jädraöl,king kong,sverige,330.0,27.9,9.0,7.0,1.0,Passar till lammPassar till nötPassar till sällskapsdryck,ale,amerikansk pale ale,8.454545454545453
1611,hå:mle,ipa,sverige,330.0,41.2,9.0,7.0,1.0,Passar till lammPassar till nötPassar till sällskapsdryck,ale,india pale ale,12.484848484848486
1612,biskop kol,,sverige,500.0,36.7,7.0,8.0,1.0,Passar till nötPassar till vilt,torr porter och stout,,7.340000000000001
1613,inedit damm,,spanien,750.0,59.9,4.0,5.0,1.0,Passar till fiskPassar till fågelPassar till fläskPassar till sällskapsdryck,annan öl,,7.986666666666667
1614,oxn,lager,sverige,330.0,24.9,6.0,6.0,1.0,Passar till fågelPassar till fläskPassar till sällskapsdryck,ljus lager,modern stil/india pale lager,7.545454545454546
1615,mjörns guld,,sverige,500.0,30.4,5.0,6.0,1.0,Passar till fläskPassar till lammPassar till sällskapsdryck,ale,golden/blond ale,6.08
1616,alnöl,nacka ipa,sverige,330.0,28.9,7.0,5.0,1.0,Passar till fågelPassar till fläskPassar till sällskapsdryck,ale,india pale ale,8.757575757575758
1617,lill-olas apa,,sverige,330.0,29.4,7.0,5.0,1.0,Passar till fågelPassar till fläskPassar till sällskapsdryck,ale,amerikansk pale ale,8.909090909090908
1618,esplanad lager,,sverige,500.0,41.0,6.0,6.0,1.0,Passar till fiskPassar till fågelPassar till fläskPassar till sällskapsdryck,,,8.200000000000001
1619,burgsvik bryggeri ipa,,sverige,330.0,23.9,9.0,7.0,1.0,Passar till lammPassar till nötPassar till sällskapsdryck,ale,india pale ale,7.242424242424242
1620,fulltofta sjuan,,sverige,330.0,25.9,8.0,6.0,1.0,Passar till sällskapsdryckPassar till fågelPassar till fläsk,ale,amerikansk pale ale,7.848484848484848
1621,gotlands bryggeri,southern bulldog ipa,sverige,330.0,25.8,7.0,7.0,2.0,Passar till lammPassar till nötPassar till sällskapsdryck,ale,india pale ale,7.818181818181818
1622,skelderwikens,american pale ale,sverige,330.0,24.6,6.0,6.0,1.0,Passar till lammPassar till nötPassar till sällskapsdryck,ale,amerikansk pale ale,7.454545454545455
1623,helgas,hembrygd,sverige,330.0,39.4,3.0,6.0,1.0,Passar till fågelPassar till fläskPassar till ostPassar till sällskapsdryck,,,11.939393939393938
1624,savannen,,sverige,500.0,31.8,2.0,5.0,2.0,Passar till asiatisktPassar till fiskPassar till fågelPassar till fläsk,veteöl,witbier,6.36
1625,la trappe,isid'or,nederländerna,330.0,29.9,4.0,7.0,4.0,Passar till ostPassar till lammPassar till nötPassar till sällskapsdryck,ale,belgisk ljus ale,9.06060606060606
1626,californication,,sverige,330.0,26.9,7.0,6.0,1.0,Passar till lammPassar till fläskPassar till sällskapsdryck,ale,amerikansk pale ale,8.15151515151515
1627,coppersmith's,misty ipa,sverige,440.0,39.9,7.0,6.0,2.0,Passar till sällskapsdryckPassar till lammPassar till nöt,ale,india pale ale,9.068181818181818
1628,blacksta brygghus,glutenfri ale,sverige,330.0,33.0,8.0,6.0,2.0,Passar till lammPassar till nötPassar till sällskapsdryck,ale,amber ale,10.0
1629,två feta grisar,columbus dubbel ipa,sverige,330.0,32.4,7.0,8.0,4.0,Passar till lammPassar till nötPassar till sällskapsdryck,ale,imperial/dubbel ipa,9.818181818181818
1630,brewgineers,jungle sheriff,sverige,330.0,29.0,7.0,6.0,2.0,Passar till lammPassar till nötPassar till sällskapsdryck,ale,amerikansk pale ale,8.787878787878787
1631,surpéne,tempel brygghus,sverige,330.0,25.9,4.0,6.0,1.0,Passar till fiskPassar till fågelPassar till fläskPassar till sällskapsdryck,övrig syrlig öl,,7.848484848484848
1632,monstrosity,,sverige,330.0,24.9,3.0,4.0,1.0,Passar till fiskPassar till fågelPassar till fläskPassar till sällskapsdryck,syrlig öl,berliner weisse,7.545454545454546
1633,två feta grisar,a röd ale,sverige,330.0,26.0,6.0,6.0,2.0,Passar till lammPassar till nötPassar till sällskapsdryck,ale,session ipa,7.878787878787878
1634,svartvinbärlin,emmaboda bryggeri,sverige,330.0,24.0,3.0,3.0,1.0,Passar till aperitifPassar till sällskapsdryck,syrlig öl,berliner weisse,7.2727272727272725
1635,coppersmith's,misty ipa,sverige,440.0,39.9,7.0,6.0,2.0,Passar till sällskapsdryckPassar till lammPassar till nöt,ale,india pale ale,9.068181818181818
1636,pangpang,watermelon preacher,sverige,330.0,39.9,2.0,4.0,1.0,Passar till sällskapsdryck,övrig syrlig öl,,12.090909090909092
1637,beerbliotek,alone in a field of plenty,sverige,330.0,49.9,4.0,9.0,4.0,Passar till lammPassar till nötPassar till viltPassar till sällskapsdryck,ale,strong ale,15.121212121212121
1638,wapnö pletty,engelsk bitter ale,sverige,330.0,21.9,6.0,6.0,2.0,Passar till fläskPassar till lammPassar till sällskapsdryck,ale,engelsk pale ale och bitter,6.636363636363636
1639,kut it up!,,sverige,330.0,32.9,7.0,6.0,2.0,Passar till lammPassar till nötPassar till sällskapsdryck,ale,new england ipa/hazy ipa,9.969696969696969
1640,eskilstuna ölkultur sommar ipa,,sverige,330.0,29.9,7.0,7.0,3.0,Passar till lammPassar till fläskPassar till sällskapsdryck,ale,new england ipa/hazy ipa,9.06060606060606
1641,nunnans skördeöl,,sverige,330.0,34.0,4.0,6.0,3.0,Passar till lammPassar till nötPassar till sällskapsdryck,ale,saison,10.303030303030303
1642,brytarna,,sverige,330.0,35.9,8.0,8.0,4.0,Passar till lammPassar till nötPassar till sällskapsdryck,ale,imperial/dubbel ipa,10.878787878787879
1643,east coast session surf ipa,,sverige,330.0,24.9,7.0,6.0,2.0,Passar till fläskPassar till lammPassar till sällskapsdryck,ale,session ipa,7.545454545454546
1644,österlen dunkel,österlenbryggarna anno 1953,sverige,330.0,23.9,5.0,6.0,1.0,Passar till fågelPassar till fläskPassar till sällskapsdryck,mörk lager,dunkel,7.242424242424242
1645,bottenvikens bryggeri,röd,sverige,330.0,34.9,2.0,4.0,1.0,Passar till fiskPassar till grönsakerPassar till skaldjurPassar till sällskapsdryck,övrig syrlig öl,,10.575757575757576
1646,lucid dreams,billdale & co,sverige,440.0,50.0,7.0,10.0,9.0,Passar till dessertPassar till sällskapsdryck,imperial porter och stout,,11.363636363636363
1647,brödernas,ljus lager,sverige,330.0,25.9,5.0,5.0,1.0,Passar till fågelPassar till fläskPassar till sällskapsdryck,ljus lager,pilsner,7.848484848484848
1648,hå:marsöl:n,tjers bryggeri,sverige,330.0,42.7,7.0,6.0,1.0,Passar till sällskapsdryckPassar till fågelPassar till fläsk,ale,saison,12.93939393939394
1649,open water,,sverige,330.0,28.5,7.0,6.0,1.0,Passar till sällskapsdryckPassar till fläskPassar till lamm,ale,session ipa,8.636363636363637
1650,wit oranje,,sverige,330.0,26.1,4.0,4.0,2.0,Passar till sällskapsdryckPassar till fiskPassar till fågel,veteöl,witbier,7.90909090909091
1651,1125-lofsdalen,pale ale,sverige,330.0,27.9,7.0,7.0,1.0,Passar till lammPassar till nötPassar till sällskapsdryck,ale,amerikansk pale ale,8.454545454545453
1652,gårdsbryggeriet 65°n,äljest,sverige,330.0,29.9,5.0,5.0,1.0,Passar till lammPassar till nöt,,,9.06060606060606
1653,brukspilsner,modern ljus lager,sverige,330.0,20.0,6.0,6.0,1.0,Passar till fiskPassar till fågelPassar till skaldjurPassar till sällskapsdryck,ljus lager,modern stil/india pale lager,6.0606060606060606
1654,white moose ale,carlstad bryggeri,sverige,330.0,25.9,7.0,7.0,1.0,Passar till lammPassar till nötPassar till sällskapsdryck,ale,amerikansk pale ale,7.848484848484848
1655,tuco,,sverige,330.0,26.6,7.0,8.0,2.0,Passar till lammPassar till nötPassar till viltPassar till sällskapsdryck,torr porter och stout,,8.06060606060606
1656,fulltofta troll,,sverige,330.0,27.9,6.0,7.0,2.0,Passar till lammPassar till nötPassar till sällskapsdryck,torr porter och stout,,8.454545454545453
1657,grebbestad bryggeri,"lunator, 2021",sverige,330.0,29.9,5.0,8.0,5.0,Passar till lammPassar till nötPassar till sällskapsdryckPassar till vilt,mörk lager,dubbelbock,9.06060606060606
1658,orsholms brygghus,blå bärs weissbier,sverige,330.0,29.9,2.0,4.0,1.0,Passar till fågelPassar till fläskPassar till sällskapsdryck,veteöl,övrig veteöl,9.06060606060606
1659,särö,pilsner,sverige,330.0,23.7,7.0,5.0,1.0,Passar till lammPassar till fläskPassar till sällskapsdryck,ljus lager,pilsner,7.1818181818181825
1660,malevik,blonda ale,sverige,330.0,23.7,6.0,6.0,1.0,Passar till fläskPassar till lammPassar till nötPassar till sällskapsdryck,ale,golden/blond ale,7.1818181818181825
1661,uppsala brygghus,czech mate pilsner,sverige,330.0,19.9,7.0,6.0,1.0,Passar till fiskPassar till fågelPassar till fläskPassar till sällskapsdryck,ljus lager,pilsner,6.030303030303029
1662,brushfire,,sverige,330.0,29.9,8.0,6.0,2.0,Passar till lammPassar till nötPassar till sällskapsdryck,ale,amerikansk pale ale,9.06060606060606
1663,mora bryggeri,dala ipa,sverige,330.0,24.9,7.0,6.0,1.0,Passar till lammPassar till nötPassar till sällskapsdryck,ale,india pale ale,7.545454545454546
1664,ahlafors jubileums ipa,,sverige,330.0,31.9,6.0,5.0,3.0,Passar till fågelPassar till fläskPassar till lamm,ale,india pale ale,9.666666666666666
1665,torsöl,signe dipa,sverige,440.0,45.2,8.0,8.0,2.0,Passar till sällskapsdryckPassar till nötPassar till lamm,ale,imperial/dubbel ipa,10.272727272727273
1666,birka tranjuter,,sverige,330.0,29.5,2.0,4.0,1.0,Passar till aperitifPassar till sällskapsdryck,övrig syrlig öl,,8.93939393939394
1667,uppsala brygghus,juicy mchopface ipa,sverige,330.0,26.9,6.0,7.0,4.0,Passar till fläskPassar till fågelPassar till sällskapsdryck,ale,india pale ale,8.15151515151515
1668,brewify,brukets lager,sverige,330.0,21.5,4.0,5.0,1.0,Passar till fiskPassar till fågelPassar till grönsakerPassar till sällskapsdryck,ljus lager,internationell stil,6.515151515151516
1669,northern exposure,dune - dipa,sverige,440.0,48.9,8.0,8.0,3.0,Passar till lammPassar till nötPassar till sällskapsdryck,ale,imperial/dubbel ipa,11.113636363636363
1670,bonafide fill your head,wessingekälla brygghus,sverige,330.0,23.2,6.0,6.0,2.0,Passar till lammPassar till nötPassar till fläskPassar till sällskapsdryck,ljus lager,pilsner,7.030303030303029
1671,iskarlens ideala öl,,sverige,330.0,27.5,6.0,7.0,2.0,Passar till sällskapsdryckPassar till lammPassar till nöt,ale,strong ale,8.333333333333332
1672,mora bryggeri,dala ipa,sverige,330.0,24.9,7.0,6.0,1.0,Passar till lammPassar till nötPassar till sällskapsdryck,ale,india pale ale,7.545454545454546
1673,hovås lager,,sverige,330.0,23.7,5.0,4.0,2.0,Passar till sällskapsdryck,ljus lager,internationell stil,7.1818181818181825
1674,bottenvikens bryggeri,kranen,sverige,330.0,29.9,6.0,6.0,2.0,Passar till fläskPassar till lammPassar till sällskapsdryck,ale,amerikansk pale ale,9.06060606060606
1675,umeå,pale ale,sverige,330.0,28.4,7.0,7.0,2.0,Passar till lammPassar till nötPassar till fläskPassar till sällskapsdryck,ale,amerikansk pale ale,8.606060606060606
1676,torsöl saga cirkus apa,,sverige,440.0,42.4,7.0,7.0,3.0,Passar till fläskPassar till lammPassar till sällskapsdryck,ale,amerikansk pale ale,9.636363636363637
1677,to øl,liquid confidential,belgien,375.0,119.0,,,,,imperial porter och stout,,31.733333333333334
1678,blacksta brygghus klarbärs brut ipa,josefin lagerhorn,sverige,330.0,32.7,3.0,5.0,1.0,Passar till aperitifPassar till fågelPassar till fläskPassar till grönsaker,annan öl,,9.90909090909091
1679,pilsner,eskilstuna ölkultur,sverige,330.0,18.9,6.0,6.0,1.0,Passar till fiskPassar till fågelPassar till fläskPassar till sällskapsdryck,ljus lager,pilsner,5.727272727272727
1680,storm ddh dipa,hop shed brewery,sverige,330.0,49.9,6.0,8.0,5.0,Passar till lammPassar till nötPassar till sällskapsdryck,ale,imperial/dubbel ipa,15.121212121212121
1681,den bryggande hollandaren,dutch pi-thon,sverige,330.0,25.9,6.0,6.0,1.0,Passar till fläskPassar till lammPassar till nötPassar till sällskapsdryck,ale,india pale ale,7.848484848484848
1682,r.e.s.p.e.c.t. oatmeal stout,adelsö bryggeri,sverige,330.0,29.7,6.0,6.0,2.0,Passar till lammPassar till nötPassar till viltPassar till sällskapsdryck,torr porter och stout,,9.0
1683,eskilstuna ölkultur,fruktad ipa colada,sverige,330.0,35.9,7.0,5.0,1.0,Passar till fläskPassar till lammPassar till sällskapsdryck,ale,new england ipa/hazy ipa,10.878787878787879
1684,pink passion,,sverige,330.0,33.9,2.0,5.0,1.0,Passar till sällskapsdryck,övrig syrlig öl,,10.272727272727272
1685,telegrafistens trudelutt,,sverige,330.0,28.4,7.0,6.0,2.0,Passar till fläskPassar till lammPassar till sällskapsdryck,ale,amerikansk pale ale,8.606060606060606
1686,brewdog,dog j,storbritannien,330.0,129.9,,,,,imperial porter och stout,,39.36363636363637
1687,leufsta,pils,sverige,330.0,22.9,7.0,6.0,1.0,Passar till fågelPassar till fläskPassar till sällskapsdryck,ljus lager,pilsner,6.939393939393939
1688,mimosa,brekeriet beer,sverige,330.0,29.9,3.0,4.0,1.0,Passar till fiskPassar till grönsakerPassar till skaldjurPassar till sällskapsdryck,övrig syrlig öl,,9.06060606060606
1689,chad beer x elmeleven,elements ddh lager idaho 7 & simcoe,sverige,440.0,39.9,7.0,7.0,2.0,Passar till fläskPassar till lammPassar till sällskapsdryck,ljus lager,modern stil/india pale lager,9.068181818181818
1690,new beginning ipa,hantverksbryggeriet,sverige,330.0,26.0,10.0,7.0,1.0,Passar till lammPassar till nötPassar till sällskapsdryck,ale,india pale ale,7.878787878787878
1691,helsingborgs pilsner,,sverige,330.0,21.9,8.0,6.0,1.0,Passar till fläskPassar till lammPassar till nötPassar till sällskapsdryck,ljus lager,pilsner,6.636363636363636
1692,strömstad ipa,,sverige,330.0,26.8,8.0,7.0,2.0,Passar till lammPassar till nötPassar till sällskapsdryck,ale,india pale ale,8.121212121212121
1693,remmarlöv,the christmas lager,sverige,330.0,19.8,6.0,6.0,1.0,Passar till fläskPassar till lammPassar till grönsakerPassar till sällskapsdryck,mörk lager,dunkel,6.000000000000001
1694,helsingborgs,wurstburger,sverige,330.0,22.9,6.0,6.0,2.0,Passar till fiskPassar till fågelPassar till fläskPassar till sällskapsdryck,ljus lager,pilsner,6.939393939393939
1695,carlstad,tysk ale,sverige,330.0,24.5,5.0,5.0,1.0,Passar till fläskPassar till lammPassar till sällskapsdryck,,,7.424242424242425
1696,svinbådan lager,,sverige,330.0,27.3,6.0,6.0,2.0,Passar till fågelPassar till fläskPassar till sällskapsdryck,ljus lager,pilsner,8.272727272727273
1697,roslagens,ryska björnen stout,sverige,330.0,39.9,7.0,8.0,2.0,Passar till sällskapsdryckPassar till nötPassar till vilt,imperial porter och stout,,12.090909090909092
1698,burgsviks bryggeri summer hazy,,sverige,330.0,24.0,7.0,6.0,3.0,Passar till lammPassar till nötPassar till sällskapsdryck,ale,india pale ale,7.2727272727272725
1699,burgsviks bryggeri citra,,sverige,330.0,22.9,8.0,6.0,1.0,Passar till lammPassar till nötPassar till sällskapsdryck,ale,amerikansk pale ale,6.939393939393939
1700,oppigårds,jack apa,sverige,500.0,33.9,8.0,7.0,2.0,Passar till lammPassar till nötPassar till sällskapsdryck,ale,amerikansk pale ale,6.78
1701,fulltofta natt,,sverige,330.0,25.9,6.0,7.0,1.0,Passar till fläskPassar till grönsakerPassar till lammPassar till sällskapsdryck,mörk lager,schwarzbier,7.848484848484848
1702,amager batch 1000 ipa,amager bryghus a/s,danmark,440.0,49.9,9.0,7.0,3.0,Passar till lammPassar till nötPassar till sällskapsdryck,ale,india pale ale,11.34090909090909
1703,vreta kloster trippel,,sverige,330.0,39.9,7.0,7.0,2.0,Passar till fågelPassar till fläskPassar till ost,ale,trippel,12.090909090909092
1704,stallarholmens brygghus,en vete-ranöl,sverige,500.0,32.0,2.0,4.0,2.0,Passar till sällskapsdryckPassar till fiskPassar till fläskPassar till kryddstarkt,veteöl,hefeweizen,6.4
1705,stand by me,leufstabruk,sverige,330.0,27.9,4.0,7.0,3.0,Passar till fläskPassar till lammPassar till sällskapsdryckPassar till ost,ale,dubbel,8.454545454545453
1706,pangpang,golden glock,sverige,440.0,49.9,5.0,6.0,1.0,Passar till sällskapsdryck,övrig syrlig öl,,11.34090909090909
1707,donnez lager,,sverige,330.0,28.6,7.0,5.0,1.0,Passar till sällskapsdryckPassar till fiskPassar till grönsakerPassar till buffémat,ljus lager,dortmunder och helles,8.666666666666668
1708,eskilstuna ölkultur,india lager,sverige,330.0,22.6,6.0,6.0,1.0,Passar till fågelPassar till fläskPassar till grönsakerPassar till sällskapsdryck,ljus lager,modern stil/india pale lager,6.8484848484848495
1709,duckpond lipizzaner pilsner,duckpond brewing,sverige,440.0,34.9,6.0,6.0,2.0,Passar till fågelPassar till fläskPassar till grönsakerPassar till sällskapsdryck,ljus lager,pilsner,7.931818181818182
1710,amager batch 1000 ipa,amager bryghus a/s,danmark,440.0,49.9,9.0,7.0,3.0,Passar till lammPassar till nötPassar till sällskapsdryck,ale,india pale ale,11.34090909090909
1711,vreta kloster trippel,,sverige,330.0,39.9,7.0,7.0,2.0,Passar till fågelPassar till fläskPassar till ost,ale,trippel,12.090909090909092
1712,stallarholmens brygghus,en vete-ranöl,sverige,500.0,32.0,2.0,4.0,2.0,Passar till sällskapsdryckPassar till fiskPassar till fläskPassar till kryddstarkt,veteöl,hefeweizen,6.4
1713,stand by me,leufstabruk,sverige,330.0,27.9,4.0,7.0,3.0,Passar till fläskPassar till lammPassar till sällskapsdryckPassar till ost,ale,dubbel,8.454545454545453
1714,northern exposure,sthlm pils,sverige,440.0,28.9,7.0,5.0,1.0,Passar till fläskPassar till lammPassar till sällskapsdryck,ljus lager,modern stil/india pale lager,6.5681818181818175
1715,sur olle,imperial blueberry custard milkshake sour ale,sverige,330.0,39.3,2.0,4.0,1.0,Passar till sällskapsdryck,övrig syrlig öl,,11.909090909090908
1716,dugges mosaic,,sverige,330.0,25.0,6.0,7.0,3.0,Passar till fågelPassar till fläskPassar till grönsakerPassar till sällskapsdryck,ale,amerikansk pale ale,7.575757575757576
1717,kyss,faråkra hantverksbryggeri,sverige,330.0,33.9,7.0,7.0,3.0,Passar till lammPassar till nötPassar till sällskapsdryck,ale,india pale ale,10.272727272727272
1718,oppigårds,jack apa,sverige,500.0,33.9,8.0,7.0,2.0,Passar till lammPassar till nötPassar till sällskapsdryck,ale,amerikansk pale ale,6.78
1719,sälens fjällbryggeri,transtrands pils glutenfri,sverige,330.0,24.9,6.0,5.0,1.0,Passar till fiskPassar till fågelPassar till fläskPassar till sällskapsdryck,ljus lager,pilsner,7.545454545454546
1720,eskilstuna ölkultur,india lager,sverige,330.0,22.6,6.0,6.0,1.0,Passar till fågelPassar till fläskPassar till grönsakerPassar till sällskapsdryck,ljus lager,modern stil/india pale lager,6.8484848484848495
1721,duckpond lipizzaner pilsner,duckpond brewing,sverige,440.0,34.9,6.0,6.0,2.0,Passar till fågelPassar till fläskPassar till grönsakerPassar till sällskapsdryck,ljus lager,pilsner,7.931818181818182
1722,mohawk,esb,sverige,330.0,29.9,7.0,6.0,2.0,Passar till fläskPassar till lammPassar till sällskapsdryck,ale,extra special bitter,9.06060606060606
1723,moriskan kellerpils,hyllie x mikkeller,sverige,440.0,35.0,6.0,6.0,1.0,Passar till fågelPassar till fläskPassar till grönsakerPassar till sällskapsdryck,ljus lager,zwickel,7.954545454545454
1724,eskilstuna ölkultur,oktoberfest,sverige,330.0,21.9,5.0,7.0,2.0,Passar till lammPassar till nötPassar till grönsakerPassar till sällskapsdryck,mellanmörk lager,märzen och wienerstil,6.636363636363636
1725,mohawk,hazy the elder,sverige,330.0,36.9,8.0,8.0,4.0,Passar till lammPassar till nötPassar till sällskapsdryck,ale,india pale ale,11.181818181818182
1726,sigtuna,session ipa,sverige,330.0,18.9,5.0,5.0,1.0,Passar till fiskPassar till fågelPassar till fläskPassar till sällskapsdryck,ale,session ipa,5.727272727272727
1727,untitled arts,dry-hopped lager,usa,475.0,29.9,7.0,5.0,2.0,Passar till fågelPassar till fläskPassar till sällskapsdryck,ljus lager,modern stil/india pale lager,6.294736842105262
1728,pangpang,coffee cream pie stout,sverige,440.0,79.9,7.0,11.0,9.0,Passar till dessertPassar till sällskapsdryck,imperial porter och stout,,18.15909090909091
1729,dugges mosaic,,sverige,330.0,25.0,6.0,7.0,3.0,Passar till fågelPassar till fläskPassar till grönsakerPassar till sällskapsdryck,ale,amerikansk pale ale,7.575757575757576
1730,kriek de ranke,,belgien,750.0,101.0,,,,,syrlig öl,frukt,13.466666666666665
1731,republiken,,sverige,330.0,19.7,5.0,6.0,1.0,Passar till fågelPassar till fläskPassar till grönsakerPassar till sällskapsdryck,mellanmörk lager,märzen och wienerstil,5.969696969696969
1732,sälens fjällbryggeri,transtrands pils glutenfri,sverige,330.0,24.9,6.0,5.0,1.0,Passar till fiskPassar till fågelPassar till fläskPassar till sällskapsdryck,ljus lager,pilsner,7.545454545454546
1733,oude kriek boon,2017,belgien,375.0,59.9,2.0,6.0,1.0,Passar till aperitifPassar till sällskapsdryck,syrlig öl,frukt,15.973333333333334
1734,byaregårdens,india pale ale,sverige,330.0,26.0,8.0,7.0,1.0,Passar till lammPassar till nötPassar till sällskapsdryck,ale,india pale ale,7.878787878787878
1735,strömstad pale ale,,sverige,330.0,24.9,6.0,6.0,1.0,Passar till lammPassar till nötPassar till sällskapsdryck,ale,amerikansk pale ale,7.545454545454546
1736,navigator,fulltofta gårdsbryggeri,sverige,330.0,25.9,7.0,7.0,2.0,Passar till sällskapsdryckPassar till fläskPassar till lamm,ale,golden/blond ale,7.848484848484848
1737,ipa,,sverige,330.0,26.9,8.0,7.0,3.0,Passar till lammPassar till nötPassar till sällskapsdryck,ale,india pale ale,8.15151515151515
1738,billdale,jordskalv,sverige,330.0,32.8,8.0,6.0,1.0,Passar till lammPassar till nötPassar till sällskapsdryck,ale,new england ipa/hazy ipa,9.939393939393938
1739,påverås,a pale ale,sverige,330.0,26.4,5.0,5.0,1.0,Passar till fågelPassar till fläskPassar till sällskapsdryck,,,8.0
1740,wessinge brygghus apa,,sverige,330.0,22.9,7.0,6.0,2.0,Passar till lammPassar till nötPassar till sällskapsdryck,ale,amerikansk pale ale,6.939393939393939
1741,ekerö brygghus,pils,sverige,330.0,21.1,5.0,4.0,2.0,Passar till fiskPassar till skaldjurPassar till sällskapsdryck,ljus lager,pilsner,6.3939393939393945
1742,leufsta pils,,sverige,330.0,22.9,7.0,6.0,1.0,Passar till fågelPassar till fläskPassar till sällskapsdryck,ljus lager,pilsner,6.939393939393939
1743,fulltofta,b-52,sverige,330.0,25.8,8.0,7.0,1.0,Passar till lammPassar till nötPassar till sällskapsdryck,ale,india pale ale,7.818181818181818
1744,barlingbo bryggeri,snarudden,sverige,330.0,25.9,4.0,5.0,2.0,Passar till sällskapsdryckPassar till fågelPassar till fläsk,ale,belgisk mörk ale,7.848484848484848
1745,dugges,pils,sverige,330.0,25.0,6.0,6.0,1.0,Passar till fiskPassar till fågelPassar till fläskPassar till sällskapsdryck,ljus lager,pilsner,7.575757575757576
1746,bränd ipa,,sverige,330.0,28.2,7.0,6.0,4.0,Passar till nötPassar till lammPassar till sällskapsdryck,ale,india pale ale,8.545454545454545
1747,österlen caribbean,ipa,sverige,330.0,29.9,,,,,ale,india pale ale,9.06060606060606
1748,rådanäs lagom lager,,sverige,330.0,19.9,4.0,5.0,2.0,Passar till sällskapsdryckPassar till fläskPassar till fågelPassar till fisk,ljus lager,internationell stil,6.030303030303029
1749,geléhallon sour,,sverige,330.0,37.9,2.0,4.0,1.0,Passar till aperitifPassar till sällskapsdryck,syrlig öl,berliner weisse,11.484848484848484
1750,mohawk en papaya coconut,,sverige,330.0,44.9,2.0,4.0,1.0,Passar till aperitifPassar till asiatisktPassar till fiskPassar till sällskapsdryck,syrlig öl,berliner weisse,13.606060606060606
1751,brewski lollihop pale ale,,sverige,330.0,29.9,5.0,6.0,2.0,Passar till fiskPassar till fågelPassar till fläskPassar till sällskapsdryck,ale,amerikansk pale ale,9.06060606060606
1752,aecht schlenkerla helles lager,,tyskland,500.0,29.9,6.0,6.0,2.0,Passar till sällskapsdryckPassar till fläskPassar till lamm,ljus lager,zwickel,5.9799999999999995
1753,göteborg classic lager,beersmiths,sverige,330.0,20.9,5.0,5.0,2.0,Passar till fiskPassar till fläskPassar till grönsakerPassar till sällskapsdryck,ljus lager,pilsner,6.333333333333332
1754,fermenterarna,the big mjau theory,sverige,440.0,49.9,2.0,5.0,3.0,Passar till aperitifPassar till sällskapsdryck,övrig syrlig öl,,11.34090909090909
1755,hallonveteöl,,sverige,330.0,22.8,3.0,5.0,1.0,Passar till sällskapsdryck,veteöl,övrig veteöl,6.909090909090909
1756,northern exposure,fjord - kveik dipa,sverige,440.0,48.5,8.0,8.0,4.0,Passar till lammPassar till nötPassar till sällskapsdryck,ale,imperial/dubbel ipa,11.022727272727273
1757,sibbarps husbryggeri,licorice stout,sverige,330.0,34.9,4.0,7.0,3.0,Passar till sällskapsdryck,imperial porter och stout,,10.575757575757576
1758,thornbridge,days of creation,storbritannien,375.0,99.0,,,,,övrig syrlig öl,,26.400000000000002
1759,eskilstuna ölkultur,rävens dubbel,sverige,330.0,34.9,6.0,8.0,6.0,Passar till lammPassar till nötPassar till ostPassar till sällskapsdryck,ale,dubbel,10.575757575757576
1760,eskilstuna black ipa,,sverige,330.0,31.9,8.0,8.0,2.0,Passar till lammPassar till nötPassar till sällskapsdryckPassar till vilt,ale,black ipa,9.666666666666666
1761,fulltofta dag,,sverige,330.0,25.9,7.0,6.0,1.0,Passar till sällskapsdryckPassar till lammPassar till nöt,ale,engelsk pale ale och bitter,7.848484848484848
1762,hyllie bryggeri,skånsk lager,sverige,440.0,25.0,5.0,5.0,1.0,Passar till fiskPassar till fågelPassar till fläskPassar till sällskapsdryck,ljus lager,dortmunder och helles,5.681818181818182
1763,elevated,,sverige,330.0,34.1,5.0,6.0,2.0,Passar till fågelPassar till fläskPassar till grönsakerPassar till sällskapsdryck,ale,new england ipa/hazy ipa,10.333333333333334
1764,bohemia,munklägrets microbrasserie,sverige,330.0,23.5,5.0,5.0,2.0,Passar till fågelPassar till fläskPassar till grönsakerPassar till sällskapsdryck,ljus lager,pilsner,7.121212121212121
1765,all in brewing,gbg haze idaho,sverige,330.0,34.9,6.0,6.0,2.0,Passar till fågelPassar till fläskPassar till grönsakerPassar till sällskapsdryck,ale,new england ipa/hazy ipa,10.575757575757576
1766,eskilstuna ölkultur,porter,sverige,330.0,19.9,6.0,7.0,1.0,Passar till grönsakerPassar till lammPassar till nötPassar till vilt,torr porter och stout,,6.030303030303029
1767,kraftstationens american pale ale,beerium kraftölsbryggeri,sverige,330.0,28.0,7.0,6.0,2.0,Passar till fläskPassar till lammPassar till sällskapsdryck,ale,amerikansk pale ale,8.484848484848486
1768,surte lager,beerium kraftölsbryggeri,sverige,330.0,25.9,6.0,6.0,2.0,Passar till fågelPassar till fläskPassar till grönsakerPassar till sällskapsdryck,ljus lager,modern stil/india pale lager,7.848484848484848
1769,arabian nights,kaffestout,sverige,330.0,39.9,5.0,10.0,9.0,Passar till dessertPassar till sällskapsdryck,imperial porter och stout,,12.090909090909092
1770,röde,alnöl,sverige,330.0,24.9,2.0,4.0,1.0,Passar till sällskapsdryck,syrlig öl,berliner weisse,7.545454545454546
1771,svartsbergets,once upon a time in lichtenhain,sverige,330.0,25.6,1.0,3.0,1.0,Passar till asiatisktPassar till fiskPassar till kryddstarktPassar till skaldjur,syrlig öl,gose och lichtenhainer,7.757575757575758
1772,the piraya brewery,piraya weisse - berliner style,sverige,330.0,31.1,2.0,4.0,1.0,Passar till aperitifPassar till sällskapsdryck,syrlig öl,berliner weisse,9.424242424242426
1773,chad beer x elmeleven,elements ddh lager mosaic & azacca,sverige,440.0,39.9,6.0,6.0,2.0,Passar till fläskPassar till lammPassar till sällskapsdryck,ljus lager,modern stil/india pale lager,9.068181818181818
1774,kungahella,red ale,sverige,330.0,27.9,7.0,7.0,3.0,Passar till fläskPassar till lammPassar till nötPassar till sällskapsdryck,ale,amber ale,8.454545454545453
1775,barlindbeer,archipelago,sverige,330.0,29.9,7.0,7.0,1.0,Passar till lammPassar till nötPassar till sällskapsdryck,ale,amerikansk pale ale,9.06060606060606
1776,hop shed,piri piri porter,sverige,330.0,34.1,7.0,6.0,2.0,Passar till nötPassar till lammPassar till sällskapsdryck,söt porter och stout,,10.333333333333334
1777,tjärven,ale,sverige,330.0,41.7,6.0,6.0,3.0,Passar till fläskPassar till lammPassar till sällskapsdryck,ale,belgisk ljus ale,12.636363636363637
1778,brewify,easy ipa,sverige,330.0,22.7,8.0,5.0,1.0,Passar till lammPassar till nötPassar till sällskapsdryck,ale,session ipa,6.878787878787879
1779,helsingborgs,evil red,sverige,330.0,23.9,6.0,7.0,2.0,Passar till lammPassar till nötPassar till sällskapsdryck,ale,irländsk ale,7.242424242424242
1780,aros,pale ale,sverige,330.0,19.9,7.0,6.0,1.0,Passar till lammPassar till nötPassar till sällskapsdryck,ale,amerikansk pale ale,6.030303030303029
1781,pangpang,boi juice,sverige,440.0,59.9,7.0,7.0,4.0,Passar till fågelPassar till fläskPassar till sällskapsdryck,ale,imperial/dubbel ipa,13.613636363636363
1782,grebbestad,oyster stout,sverige,330.0,26.2,6.0,8.0,4.0,Passar till sällskapsdryckPassar till lammPassar till nötPassar till vilt,söt porter och stout,,7.9393939393939394
1783,king of the hill,svartbergets fjällbryggeri ab,sverige,440.0,40.0,6.0,5.0,1.0,Passar till fågelPassar till fläskPassar till sällskapsdryck,ale,session ipa,9.090909090909092
1784,halmstad brygghus,hallands golden lager,sverige,330.0,19.9,5.0,5.0,1.0,Passar till fiskPassar till fläskPassar till fågelPassar till sällskapsdryck,ljus lager,internationell stil,6.030303030303029
1785,finn,wheat blanc,sverige,330.0,25.9,4.0,5.0,2.0,Passar till fiskPassar till fågelPassar till fläskPassar till sällskapsdryck,veteöl,övrig veteöl,7.848484848484848
1786,cisk export,,,500.0,17.9,5.0,5.0,1.0,Passar till fågelPassar till fläskPassar till fiskPassar till sällskapsdryck,ljus lager,internationell stil,3.58
1787,lager 061,,sverige,330.0,25.9,6.0,6.0,1.0,Passar till fiskPassar till fågelPassar till fläskPassar till sällskapsdryck,ljus lager,modern stil/india pale lager,7.848484848484848
1788,halmstad brygghus,hallands golden lager,sverige,330.0,19.9,5.0,5.0,1.0,Passar till fiskPassar till fläskPassar till fågelPassar till sällskapsdryck,ljus lager,internationell stil,6.030303030303029
1789,bryggarbackens,hop on ipa,sverige,330.0,28.9,7.0,7.0,3.0,Passar till lammPassar till fläskPassar till sällskapsdryck,ale,india pale ale,8.757575757575758
1790,grebbestads bryggeri,kosteröl,sverige,500.0,24.0,6.0,6.0,2.0,Passar till fiskPassar till fågelPassar till fläskPassar till sällskapsdryck,ljus lager,internationell stil,4.8
1791,kolbjörn,,sverige,330.0,26.6,7.0,7.0,2.0,Passar till lammPassar till nötPassar till sällskapsdryck,ale,india pale ale,8.06060606060606
1792,helsingborgs,evil red,sverige,330.0,23.9,6.0,7.0,2.0,Passar till lammPassar till nötPassar till sällskapsdryck,ale,irländsk ale,7.242424242424242
1793,aros,pale ale,sverige,330.0,19.9,7.0,6.0,1.0,Passar till lammPassar till nötPassar till sällskapsdryck,ale,amerikansk pale ale,6.030303030303029
1794,st eriks,elderflower ipa,sverige,330.0,22.9,9.0,7.0,1.0,Passar till lammPassar till nötPassar till sällskapsdryck,ale,india pale ale,6.939393939393939
1795,två feta grisar,wästkust ipa,sverige,330.0,29.4,9.0,7.0,3.0,,ale,india pale ale,8.909090909090908
1796,möllys lemonade,,sverige,330.0,33.2,2.0,4.0,2.0,Passar till aperitifPassar till fiskPassar till skaldjurPassar till sällskapsdryck,övrig syrlig öl,,10.060606060606062
1797,möllys,kellerbier,sverige,330.0,25.9,5.0,5.0,2.0,Passar till fågelPassar till fiskPassar till grönsakerPassar till sällskapsdryck,ljus lager,zwickel,7.848484848484848
1798,voices,singularity,sverige,330.0,17.0,5.0,4.0,1.0,Passar till sällskapsdryckPassar till fågelPassar till fläsk,ljus lager,modern stil/india pale lager,5.151515151515151
1799,bergslagens,tropisk dunder,sverige,330.0,42.9,8.0,7.0,3.0,Passar till lammPassar till nötPassar till sällskapsdryck,ale,new england ipa/hazy ipa,13.0
1800,bergslagens,tropisk dunder,sverige,330.0,42.9,8.0,7.0,3.0,Passar till lammPassar till nötPassar till sällskapsdryck,ale,new england ipa/hazy ipa,13.0
1801,the edgy eagles east coast ipa,the pine ridge brewery,sverige,330.0,29.5,9.0,8.0,3.0,Passar till lammPassar till nötPassar till sällskapsdryck,ale,new england ipa/hazy ipa,8.93939393939394
1802,möllys,brown affi sugar,sverige,330.0,49.9,6.0,8.0,9.0,Passar till dessertPassar till sällskapsdryck,imperial porter och stout,,15.121212121212121
1803,clown shoes,clementine,usa,473.0,32.9,2.0,4.0,2.0,Passar till fågelPassar till fläskPassar till grönsakerPassar till kryddstarkt,veteöl,witbier,6.955602536997886
1804,skånsk äppelkaka,hattmakarens bryggeri,sverige,330.0,40.0,2.0,5.0,5.0,Passar till sällskapsdryck,syrlig öl,berliner weisse,12.121212121212121
1805,beerbliotek,bockstreet's bock alright,sverige,330.0,25.9,6.0,7.0,2.0,Passar till sällskapsdryckPassar till lammPassar till nöt,ljus lager,ljus bocköl,7.848484848484848
1806,möllys,cattan,sverige,330.0,33.9,7.0,8.0,2.0,Passar till fläskPassar till lammPassar till sällskapsdryck,ale,india pale ale,10.272727272727272
1807,svartbergets fjällbryggeri,roma,sverige,330.0,24.0,7.0,6.0,2.0,Passar till fläskPassar till lammPassar till sällskapsdryck,ljus lager,modern stil/india pale lager,7.2727272727272725
1808,northern exposure,oceania - ddh pale ale,sverige,440.0,39.9,6.0,5.0,1.0,Passar till fiskPassar till fågelPassar till fläskPassar till sällskapsdryck,ale,amerikansk pale ale,9.068181818181818
1809,ekerö brygghus,dipa,sverige,330.0,31.9,8.0,8.0,3.0,Passar till lammPassar till nötPassar till sällskapsdryck,ale,imperial/dubbel ipa,9.666666666666666
1810,mohawk,grand cru on the rocks,sverige,375.0,99.9,3.0,6.0,1.0,Passar till fågelPassar till fläskPassar till sällskapsdryck,övrig syrlig öl,,26.640000000000004
1811,enskede gårdsöl,,sverige,330.0,25.0,6.0,6.0,1.0,Passar till fågelPassar till fläskPassar till sällskapsdryck,ale,saison,7.575757575757576
1812,slussvaktaren,,sverige,500.0,33.0,7.0,7.0,2.0,Passar till fläskPassar till lammPassar till nöt,ale,engelsk pale ale och bitter,6.6000000000000005
1813,eskilstuna ölkultur,hefe weissbier,sverige,330.0,24.9,2.0,4.0,2.0,Passar till fiskPassar till fågelPassar till fläskPassar till kryddstarkt,veteöl,hefeweizen,7.545454545454546
1814,graffitisthlm,kaos #8,sverige,440.0,46.9,8.0,7.0,3.0,Passar till lammPassar till nötPassar till sällskapsdryck,ale,india pale ale,10.659090909090908
1815,elmeleven,"alien future w. passionfruit, mango, lemon & licorice",sverige,440.0,49.9,2.0,5.0,2.0,Passar till sällskapsdryck,övrig syrlig öl,,11.34090909090909
1816,anchor christmas ale,2020,usa,355.0,28.9,7.0,8.0,3.0,Passar till nötPassar till lammPassar till viltPassar till sällskapsdryck,annan öl,,8.140845070422536
1817,st peter's winter ale,,storbritannien,500.0,31.9,7.0,8.0,2.0,Passar till nötPassar till lammPassar till sällskapsdryckPassar till vilt,ale,strong ale,6.38
1818,janne shuffle,lager,sverige,330.0,29.9,6.0,5.0,1.0,Passar till fågelPassar till fläskPassar till sällskapsdryck,ljus lager,modern stil/india pale lager,9.06060606060606
1819,grimbergen,double-ambrée,,330.0,18.9,6.0,8.0,3.0,Passar till lammPassar till nötPassar till sällskapsdryckPassar till vilt,ale,belgisk mörk ale,5.727272727272727
1820,byaregårdens,lager,sverige,330.0,24.0,7.0,5.0,1.0,Passar till fläskPassar till lammPassar till nötPassar till sällskapsdryck,ljus lager,modern stil/india pale lager,7.2727272727272725
1821,embla pale ale,pale ale,sverige,330.0,28.0,7.0,7.0,2.0,Passar till lammPassar till nötPassar till sällskapsdryck,ale,amerikansk pale ale,8.484848484848486
1822,u and me beer,umeå summer ale,sverige,330.0,28.4,6.0,6.0,1.0,Passar till fågelPassar till fläskPassar till sällskapsdryck,ale,amerikansk pale ale,8.606060606060606
1823,the piraya brewery,ipa new england style,sverige,330.0,28.7,6.0,6.0,2.0,Passar till fågelPassar till fläskPassar till sällskapsdryckPassar till grönsaker,ale,india pale ale,8.696969696969695
1824,brewski,happier than a tornado in a trailerpark,sverige,330.0,44.9,6.0,7.0,3.0,Passar till fågelPassar till fläskPassar till sällskapsdryckPassar till grönsaker,ale,india pale ale,13.606060606060606
1825,skelderwikens blommor & bin,skelderwikens brygghus,sverige,330.0,34.1,6.0,6.0,2.0,Passar till fågelPassar till fläskPassar till grönsakerPassar till sällskapsdryck,ljus lager,modern stil/india pale lager,10.333333333333334
1826,qnypon,,sverige,330.0,38.9,4.0,7.0,1.0,Passar till grönsakerPassar till fläskPassar till lammPassar till sällskapsdryck,ale,saison,11.787878787878787
1827,blacksta brygghus sörmlands ipa,,sverige,330.0,33.0,7.0,6.0,2.0,Passar till fläskPassar till lammPassar till sällskapsdryck,ale,session ipa,10.0
1828,vareböke bryggeri,småland pale ale,sverige,330.0,25.9,7.0,7.0,1.0,Passar till fläskPassar till lammPassar till nötPassar till sällskapsdryck,ale,india pale ale,7.848484848484848
1829,skuru session ipa,,sverige,330.0,24.9,7.0,5.0,1.0,Passar till fågelPassar till fläskPassar till lammPassar till sällskapsdryck,ale,session ipa,7.545454545454546
1830,barlingbo bryggeri,fårö lauters malört,sverige,330.0,23.9,9.0,7.0,1.0,Passar till lammPassar till nötPassar till sällskapsdryck,ale,,7.242424242424242
1831,hernö lungö pale,,sverige,330.0,28.8,8.0,6.0,2.0,Passar till lammPassar till nötPassar till sällskapsdryck,ale,amerikansk pale ale,8.727272727272728
1832,cinder,tempel brygghus,sverige,330.0,25.9,7.0,6.0,1.0,Passar till lammPassar till nöt,ale,india pale ale,7.848484848484848
1833,ekebergsbärs,,sverige,330.0,29.5,6.0,5.0,1.0,Passar till fågelPassar till fläskPassar till sällskapsdryck,ale,engelsk pale ale och bitter,8.93939393939394
1834,phoenix,red ale,sverige,330.0,25.9,7.0,6.0,1.0,Passar till fläskPassar till nötPassar till sällskapsdryck,ale,amber ale,7.848484848484848
1835,mental ipa,,sverige,330.0,27.8,8.0,8.0,3.0,Passar till lammPassar till nötPassar till sällskapsdryck,ale,india pale ale,8.424242424242424
1836,örebro brygghus,pilsner,sverige,330.0,24.5,6.0,6.0,1.0,Passar till fågelPassar till fläskPassar till sällskapsdryck,ljus lager,pilsner,7.424242424242425
1837,boon,"schaarbeekse kriek, 2019",belgien,375.0,69.0,2.0,4.0,1.0,Passar till aperitifPassar till sällskapsdryck,syrlig öl,frukt,18.4
1838,rantens,porter,sverige,330.0,30.2,6.0,7.0,3.0,Passar till lammPassar till nötPassar till sällskapsdryck,torr porter och stout,,9.15151515151515
1839,i'll sleep when i'm dead,,sverige,330.0,34.7,7.0,7.0,3.0,Passar till fågelPassar till fläskPassar till sällskapsdryck,ale,new england ipa/hazy ipa,10.515151515151516
1840,älvsby,india pale ale,sverige,330.0,22.9,7.0,7.0,2.0,Passar till lammPassar till nötPassar till sällskapsdryck,ale,india pale ale,6.939393939393939
1841,startime,,sverige,330.0,28.5,7.0,7.0,2.0,Passar till sällskapsdryckPassar till fågelPassar till fläsk,ale,amerikansk pale ale,8.636363636363637
1842,vega,easter stout,sverige,330.0,32.9,7.0,8.0,3.0,Passar till lammPassar till nötPassar till viltPassar till sällskapsdryck,imperial porter och stout,,9.969696969696969
1843,grebbestad pilsner,,sverige,330.0,15.8,5.0,5.0,1.0,Passar till fiskPassar till fågelPassar till fläskPassar till sällskapsdryck,ljus lager,internationell stil,4.787878787878788
1844,rnb session ipa,,sverige,330.0,29.0,6.0,6.0,1.0,Passar till fläskPassar till lammPassar till sällskapsdryck,ale,session ipa,8.787878787878787
1845,rnb session ipa,,sverige,330.0,29.0,6.0,6.0,1.0,Passar till fläskPassar till lammPassar till sällskapsdryck,ale,session ipa,8.787878787878787
1846,eskilstuna ölkultur,fruktad ipa tropisk,sverige,330.0,34.9,5.0,6.0,2.0,Passar till fågelPassar till fläskPassar till grönsakerPassar till sällskapsdryck,ale,new england ipa/hazy ipa,10.575757575757576
1847,pangpang,nuts,sverige,330.0,39.9,2.0,4.0,2.0,Passar till sällskapsdryck,syrlig öl,gose och lichtenhainer,12.090909090909092
1848,friends,viol hallon saltlakrits cupcake,sverige,330.0,39.9,2.0,5.0,4.0,Passar till sällskapsdryck,syrlig öl,gose och lichtenhainer,12.090909090909092
1849,tänndalen hoppy lager,härjebrygg,sverige,330.0,28.5,7.0,6.0,2.0,Passar till fläskPassar till lammPassar till sällskapsdryck,ljus lager,modern stil/india pale lager,8.636363636363637
1850,el indio,beerium kraftölsbryggeri,sverige,330.0,35.1,7.0,7.0,4.0,Passar till fläskPassar till lammPassar till nöt,ale,new england ipa/hazy ipa,10.636363636363637
1851,graffitisthlm,klive #6 - ipa,sverige,440.0,46.9,7.0,7.0,2.0,Passar till lammPassar till nötPassar till sällskapsdryck,ale,india pale ale,10.659090909090908
1852,new england ipa,beersmiths ab,sverige,330.0,27.5,6.0,5.0,1.0,Passar till sällskapsdryckPassar till fågelPassar till fläsk,ale,india pale ale,8.333333333333332
1853,beerbliotek,i never agreed to date you without a beard,sverige,330.0,33.0,8.0,7.0,4.0,Passar till lammPassar till nötPassar till sällskapsdryck,ale,new england ipa/hazy ipa,10.0
1854,tangamandapio,mango/passion,sverige,330.0,32.9,2.0,5.0,1.0,Passar till aperitifPassar till sällskapsdryck,övrig syrlig öl,,9.969696969696969
1855,hyllie labs,doublenitrostout no. 4,sverige,330.0,69.9,5.0,10.0,10.0,Passar till dessertPassar till sällskapsdryck,imperial porter och stout,,21.181818181818183
1856,solstice d'hiver,,kanada,341.0,45.9,8.0,9.0,4.0,Passar till lammPassar till nötPassar till sällskapsdryckPassar till vilt,ale,barley wine,13.460410557184751
1857,rnb,kråkudden ljus lager,sverige,330.0,26.9,5.0,5.0,2.0,Passar till fiskPassar till fågelPassar till sällskapsdryck,ljus lager,dortmunder och helles,8.15151515151515
1858,skruggôt,härjebrygg,sverige,330.0,29.1,6.0,7.0,1.0,Passar till fläskPassar till lammPassar till sällskapsdryckPassar till grönsaker,mellanmörk lager,california common,8.818181818181818
1859,burgsviks bryggeri storsudret 5.0,,sverige,330.0,19.9,6.0,6.0,2.0,Passar till fiskPassar till fågelPassar till fläskPassar till sällskapsdryck,ljus lager,internationell stil,6.030303030303029
1860,double valley,svartbergets fjällbryggeri,sverige,330.0,38.2,8.0,8.0,4.0,Passar till lammPassar till nötPassar till sällskapsdryck,ale,new england ipa/hazy ipa,11.575757575757576
1861,destihl brewery,dosvidanya rye barrel-aged russian imperial stout,usa,473.0,129.9,,,,,imperial porter och stout,,27.463002114164908
1862,friends,sommardröm sour,sverige,330.0,39.9,2.0,6.0,2.0,Passar till sällskapsdryck,syrlig öl,berliner weisse,12.090909090909092
1863,malmö i love you 2021,hyllie bryggeri,sverige,330.0,29.9,2.0,3.0,1.0,Passar till aperitifPassar till sällskapsdryck,övrig syrlig öl,,9.06060606060606
1864,vild euroblend,"brekeriet beer, 2020",sverige,375.0,44.0,4.0,5.0,1.0,Passar till fiskPassar till grönsakerPassar till skaldjurPassar till sällskapsdryck,övrig syrlig öl,,11.733333333333333
1865,hyllie,der lehrling weizenbock,sverige,330.0,31.9,3.0,7.0,2.0,Passar till fågelPassar till fläskPassar till grönsakerPassar till sällskapsdryck,veteöl,weizenbock,9.666666666666666
1866,skebo,triple gold bitter,sverige,500.0,30.4,7.0,7.0,1.0,Passar till fläskPassar till lammPassar till nötPassar till sällskapsdryck,ale,engelsk pale ale och bitter,6.08
1867,charlis bayer,,sverige,330.0,24.3,6.0,7.0,2.0,Passar till lammPassar till nötPassar till sällskapsdryck,mörk lager,dunkel,7.363636363636364
1868,helsingborgs,witbier,sverige,330.0,25.9,2.0,4.0,2.0,Passar till asiatisktPassar till fiskPassar till fläskPassar till kryddstarkt,veteöl,witbier,7.848484848484848
1869,hopsie daisy,rye martini,sverige,330.0,29.9,7.0,7.0,3.0,Passar till lammPassar till nötPassar till sällskapsdryck,ale,india pale ale,9.06060606060606
1870,eskilstuna ölkultur,dubbel ipa,sverige,330.0,35.1,9.0,8.0,2.0,Passar till lammPassar till nötPassar till sällskapsdryck,ale,imperial/dubbel ipa,10.636363636363637
1871,eklöws extra,india pale ale,sverige,330.0,36.7,8.0,7.0,1.0,Passar till fläskPassar till lammPassar till nöt,ale,india pale ale,11.121212121212123
1872,söderarm,ale,sverige,330.0,29.5,5.0,6.0,2.0,Passar till fläskPassar till lammPassar till sällskapsdryck,ale,india pale ale,8.93939393939394
1873,svarte petter,svart dubbelbock,sverige,330.0,31.7,8.0,8.0,4.0,Passar till nötPassar till sällskapsdryckPassar till vilt,mörk lager,dubbelbock,9.606060606060606
1874,länsmans lag,ljus lager,sverige,330.0,28.1,6.0,6.0,1.0,Passar till fågelPassar till fläskPassar till sällskapsdryck,ljus lager,dortmunder och helles,8.515151515151516
1875,brewify,ipa,sverige,330.0,27.0,7.0,6.0,2.0,Passar till fläskPassar till lammPassar till sällskapsdryck,ale,india pale ale,8.181818181818182
1876,lios,pale ale,sverige,330.0,41.3,6.0,5.0,1.0,Passar till fågelPassar till fläskPassar till sällskapsdryck,ale,amerikansk pale ale,12.515151515151516
1877,nolhaga park,,sverige,500.0,32.8,6.0,7.0,2.0,Passar till fläskPassar till lammPassar till sällskapsdryck,ale,india pale ale,6.559999999999999
1878,baggens ipa,,sverige,330.0,29.9,7.0,5.0,1.0,Passar till lammPassar till nötPassar till sällskapsdryck,ale,india pale ale,9.06060606060606
1879,klackabacken,what the duck imperial porter,sverige,330.0,34.9,5.0,8.0,6.0,Passar till dessertPassar till sällskapsdryck,imperial porter och stout,,10.575757575757576
1880,midnattssol lockeby,india pale ale,sverige,330.0,32.9,8.0,7.0,2.0,Passar till fläskPassar till lammPassar till nötPassar till sällskapsdryck,ale,india pale ale,9.969696969696969
1881,grebbestad,granit,sverige,500.0,20.9,5.0,5.0,1.0,Passar till fiskPassar till fågelPassar till fläskPassar till sällskapsdryck,ljus lager,pilsner,4.18
1882,porto franco,porter,sverige,330.0,24.0,7.0,7.0,1.0,Passar till nötPassar till sällskapsdryckPassar till vilt,torr porter och stout,,7.2727272727272725
1883,helsingborgs,kaffestout,sverige,330.0,29.9,6.0,7.0,5.0,Passar till lammPassar till nötPassar till sällskapsdryckPassar till vilt,söt porter och stout,,9.06060606060606
1884,geflebockens bryggeri,the burned bock,sverige,330.0,29.9,6.0,7.0,1.0,Passar till lammPassar till nötPassar till vilt,imperial porter och stout,,9.06060606060606
1885,fabriksg 2 ipa,,sverige,330.0,32.6,7.0,7.0,2.0,Passar till lammPassar till nötPassar till sällskapsdryck,ale,india pale ale,9.878787878787879
1886,misty the misfit,,sverige,330.0,36.5,6.0,7.0,3.0,Passar till fläskPassar till lammPassar till sällskapsdryck,ale,imperial/dubbel ipa,11.06060606060606
1887,coppersmith's lager,,sverige,330.0,18.5,3.0,4.0,1.0,Passar till fiskPassar till fågelPassar till sällskapsdryck,ljus lager,internationell stil,5.606060606060606
1888,södra empress,,sverige,330.0,29.9,7.0,7.0,2.0,Passar till lammPassar till nötPassar till sällskapsdryck,ale,india pale ale,9.06060606060606
1889,rodenbach vintage,2018,belgien,750.0,115.0,2.0,7.0,1.0,Passar till fågelPassar till fläskPassar till sällskapsdryck,syrlig öl,flamländsk röd och brun öl,15.333333333333332
1890,helsingborgs,kaffestout,sverige,330.0,29.9,6.0,7.0,5.0,Passar till lammPassar till nötPassar till sällskapsdryckPassar till vilt,söt porter och stout,,9.06060606060606
1891,geflebockens bryggeri,the burned bock,sverige,330.0,29.9,6.0,7.0,1.0,Passar till lammPassar till nötPassar till vilt,imperial porter och stout,,9.06060606060606
1892,nolhaga park,,sverige,500.0,32.8,6.0,7.0,2.0,Passar till fläskPassar till lammPassar till sällskapsdryck,ale,india pale ale,6.559999999999999
1893,baggens ipa,,sverige,330.0,29.9,7.0,5.0,1.0,Passar till lammPassar till nötPassar till sällskapsdryck,ale,india pale ale,9.06060606060606
1894,fabriksg 2 ipa,,sverige,330.0,32.6,7.0,7.0,2.0,Passar till lammPassar till nötPassar till sällskapsdryck,ale,india pale ale,9.878787878787879
1895,misty the misfit,,sverige,330.0,36.5,6.0,7.0,3.0,Passar till fläskPassar till lammPassar till sällskapsdryck,ale,imperial/dubbel ipa,11.06060606060606
1896,bergslagens ipatraktor,bergslagens brygghus ab,sverige,330.0,31.9,7.0,6.0,1.0,Passar till lammPassar till nötPassar till sällskapsdryck,ale,india pale ale,9.666666666666666
1897,nora brygghus,brobacken,sverige,330.0,33.9,7.0,7.0,1.0,Passar till lammPassar till nötPassar till sällskapsdryck,ale,golden/blond ale,10.272727272727272
1898,klackabacken,what the duck imperial porter,sverige,330.0,34.9,5.0,8.0,6.0,Passar till dessertPassar till sällskapsdryck,imperial porter och stout,,10.575757575757576
1899,double dry hopped ipa,,sverige,330.0,29.9,7.0,6.0,1.0,Passar till sällskapsdryckPassar till lammPassar till nöt,ale,new england ipa/hazy ipa,9.06060606060606
1900,bärry me,subbe bryggeri,sverige,330.0,36.8,2.0,5.0,1.0,Passar till sällskapsdryck,syrlig öl,berliner weisse,11.15151515151515
1901,ocean svart lager,oceanbryggeriet,sverige,330.0,24.8,5.0,6.0,2.0,Passar till fläskPassar till lammPassar till nötPassar till sällskapsdryck,mörk lager,schwarzbier,7.515151515151515
1902,blondie belgian blonde ale,prins katts hantverksöl,sverige,330.0,29.9,5.0,6.0,2.0,Passar till fågelPassar till fläskPassar till lammPassar till sällskapsdryck,ale,belgisk ljus ale,9.06060606060606
1903,impossible,rocket brewing company,sverige,330.0,35.0,8.0,8.0,3.0,Passar till lammPassar till nötPassar till sällskapsdryck,ale,india pale ale,10.606060606060606
1904,plush ddh ipa,pklk bryggeri,sverige,440.0,41.9,7.0,6.0,2.0,Passar till fläskPassar till lammPassar till sällskapsdryck,ale,india pale ale,9.522727272727273
1905,pangpang,banana cream pie stout,sverige,440.0,79.9,7.0,10.0,9.0,Passar till dessertPassar till sällskapsdryck,imperial porter och stout,,18.15909090909091
1906,jumping jacks hoppy lager,,sverige,330.0,23.0,,,,,ljus lager,modern stil/india pale lager,6.969696969696971
1907,rocket brewing company,the king in yellow,sverige,330.0,24.0,7.0,5.0,1.0,Passar till sällskapsdryckPassar till fågelPassar till fläsk,ale,session ipa,7.2727272727272725
1908,eskilstuna ölkultur,red ipa,sverige,330.0,26.6,8.0,7.0,1.0,Passar till sällskapsdryckPassar till lammPassar till nöt,ale,india pale ale,8.06060606060606
1909,charlis,surgubbe,sverige,330.0,42.8,2.0,5.0,1.0,Passar till sällskapsdryck,syrlig öl,berliner weisse,12.96969696969697
1910,3 fonteinen,"druif dornfelder, 2020",belgien,750.0,349.1,,,,,syrlig öl,frukt,46.54666666666667
1911,fermenterarna,oat cream baker dipa,sverige,440.0,54.9,8.0,8.0,4.0,Passar till lammPassar till nötPassar till sällskapsdryck,ale,imperial/dubbel ipa,12.477272727272727
1912,smaka,peach hard seltzer,sverige,330.0,22.9,2.0,1.0,2.0,Passar till sällskapsdryck,annan öl,öl av flera typer/stilar,6.939393939393939
1913,raspberry sour,beersmiths ab,sverige,330.0,32.1,,,,,övrig syrlig öl,,9.727272727272727
1914,nelson dipa,all in brewing,sverige,440.0,69.9,8.0,8.0,3.0,Passar till lammPassar till nötPassar till sällskapsdryck,ale,imperial/dubbel ipa,15.886363636363637
1915,smaka,hard seltzer citrus,sverige,330.0,23.9,2.0,1.0,5.0,Passar till fiskPassar till skaldjurPassar till grönsakerPassar till sällskapsdryck,annan öl,öl av flera typer/stilar,7.242424242424242
1916,lager på lager,,sverige,330.0,29.9,,,,,ljus lager,modern stil/india pale lager,9.06060606060606
1917,körsbär cellar series,,sverige,375.0,98.0,3.0,5.0,2.0,Passar till sällskapsdryckPassar till aperitif,övrig syrlig öl,,26.13333333333333
1918,barlindbeer,ten island ipa,sverige,330.0,33.1,8.0,8.0,4.0,Passar till lammPassar till nötPassar till sällskapsdryck,ale,india pale ale,10.030303030303031
1919,akia brygghus,hopnick 2 ipa,sverige,440.0,39.5,5.0,7.0,2.0,Passar till fågelPassar till fläskPassar till grönsakerPassar till sällskapsdryck,ale,new england ipa/hazy ipa,8.977272727272727
1920,citron och fläder wit,blacksta brygghus,sverige,330.0,33.0,2.0,4.0,1.0,Passar till asiatisktPassar till kryddstarktPassar till fiskPassar till fläsk,veteöl,witbier,10.0
1921,rnb lahäll,,sverige,330.0,27.0,6.0,6.0,1.0,Passar till fiskPassar till fågelPassar till fläskPassar till sällskapsdryck,ljus lager,pilsner,8.181818181818182
1922,pils,svartbergets fjällbryggeri,sverige,330.0,19.7,6.0,5.0,1.0,Passar till fiskPassar till fågelPassar till fläskPassar till sällskapsdryck,ljus lager,pilsner,5.969696969696969
1923,strömmingsonen lotus ipa,bottenvikens bryggeri,sverige,330.0,34.9,7.0,7.0,3.0,Passar till fläskPassar till lammPassar till sällskapsdryck,ale,india pale ale,10.575757575757576
1924,fuller´s,imperial porter,storbritannien,500.0,89.0,8.0,9.0,5.0,Passar till nötPassar till sällskapsdryckPassar till vilt,imperial porter och stout,,17.8
1925,the try out's,american pale ale,sverige,440.0,39.9,7.0,7.0,3.0,Passar till fläskPassar till lammPassar till sällskapsdryck,ale,amerikansk pale ale,9.068181818181818
1926,pangpang aight,,sverige,330.0,29.9,5.0,5.0,2.0,Passar till fläskPassar till lammPassar till sällskapsdryck,ljus lager,dortmunder och helles,9.06060606060606
1927,the try out's ipa,azacca/simcoe,sverige,440.0,44.9,8.0,6.0,1.0,Passar till lammPassar till nötPassar till sällskapsdryck,ale,india pale ale,10.204545454545453
1928,kosmik debris,frank z ipa,sverige,330.0,32.9,9.0,7.0,2.0,Passar till sällskapsdryckPassar till lammPassar till nöt,ale,india pale ale,9.969696969696969
1929,burner brew american pale ale,prins katts hantverksöl,sverige,330.0,29.9,7.0,5.0,1.0,Passar till fiskPassar till fågelPassar till fläskPassar till sällskapsdryck,ale,amerikansk pale ale,9.06060606060606
1930,kellerbier,subbe bryggeri,sverige,330.0,24.3,6.0,6.0,2.0,Passar till fläskPassar till lammPassar till nötPassar till sällskapsdryck,ljus lager,zwickel,7.363636363636364
1931,stigbergets,syndafloden kveik ipa,sverige,440.0,47.9,8.0,8.0,2.0,Passar till lammPassar till nötPassar till sällskapsdryck,ale,india pale ale,10.886363636363635
1932,mosaic dipa,,sverige,440.0,69.9,8.0,9.0,4.0,Passar till lammPassar till nötPassar till sällskapsdryck,ale,imperial/dubbel ipa,15.886363636363637
1933,skedemosse gårdsbryggeri,slåtter,sverige,330.0,25.9,7.0,7.0,1.0,Passar till fiskPassar till fågelPassar till fläskPassar till skaldjur,ljus lager,modern stil/india pale lager,7.848484848484848
1934,rådanäs ekologiska vinterbajer,,sverige,330.0,24.9,5.0,6.0,3.0,Passar till nötPassar till lammPassar till fläskPassar till sällskapsdryck,mörk lager,dunkel,7.545454545454546
1935,fjäderholmarnas heavy fuel,,sverige,330.0,65.2,5.0,9.0,8.0,Passar till dessertPassar till ostPassar till sällskapsdryck,ale,barley wine,19.757575757575758
1936,prins katt,chocolate bar stout,sverige,330.0,39.9,8.0,9.0,1.0,Passar till lammPassar till nötPassar till sällskapsdryckPassar till vilt,imperial porter och stout,,12.090909090909092
1937,n'ice chouffe,,belgien,750.0,66.9,4.0,8.0,6.0,Passar till fläskPassar till lammPassar till nötPassar till sällskapsdryck,ale,belgisk mörk ale,8.92
1938,saison dupont biologique,,belgien,750.0,59.0,4.0,6.0,1.0,Passar till fågelPassar till fläskPassar till sällskapsdryckPassar till grönsaker,ale,saison,7.866666666666666
1939,fuller's esb,,storbritannien,500.0,28.9,7.0,7.0,3.0,Passar till lammPassar till nötPassar till sällskapsdryck,ale,extra special bitter,5.779999999999999
1940,bergslagens,kohatu lager,sverige,330.0,25.9,5.0,5.0,1.0,Passar till fiskPassar till fågelPassar till fläskPassar till sällskapsdryck,,,7.848484848484848
1941,perdition,sour raspberry stout,sverige,330.0,34.9,6.0,6.0,2.0,Passar till sällskapsdryck,övrig syrlig öl,,10.575757575757576
1942,mixtape ipa,2018,sverige,330.0,29.9,10.0,6.0,1.0,Passar till fläskPassar till lammPassar till sällskapsdryck,ale,india pale ale,9.06060606060606
1943,dugges,fresh,sverige,330.0,30.0,7.0,7.0,1.0,Passar till fågelPassar till fläskPassar till sällskapsdryck,ale,new england ipa/hazy ipa,9.090909090909092
1944,brasstacks,kahoots,sverige,330.0,27.7,7.0,7.0,2.0,Passar till lammPassar till nötPassar till sällskapsdryck,ale,amerikansk pale ale,8.393939393939394
1945,öregrund lager,,sverige,500.0,29.3,6.0,6.0,1.0,Passar till fläskPassar till lammPassar till sällskapsdryck,,,5.86
1946,imperial pike,,sverige,330.0,47.5,7.0,8.0,7.0,Passar till sällskapsdryck,imperial porter och stout,,14.393939393939394
1947,alnöl,spikarna lager,sverige,330.0,27.0,7.0,6.0,1.0,Passar till fågelPassar till fläskPassar till lammPassar till sällskapsdryck,ljus lager,internationell stil,8.181818181818182
1948,husaren,lager,sverige,330.0,24.9,6.0,4.0,1.0,Passar till fågelPassar till fläskPassar till sällskapsdryck,ljus lager,modern stil/india pale lager,7.545454545454546
1949,rotebro pale ale,,sverige,330.0,26.7,5.0,5.0,1.0,Passar till lammPassar till fläskPassar till sällskapsdryck,ale,amber ale,8.09090909090909
1950,stjernsund brygghus,polhem,sverige,330.0,29.9,6.0,5.0,2.0,Passar till fläskPassar till lammPassar till sällskapsdryck,ale,india pale ale,9.06060606060606
1951,östersunds nya ångbryggeri,påsköl,sverige,330.0,26.1,6.0,6.0,2.0,Passar till fläskPassar till lammPassar till sällskapsdryck,mörk lager,dunkel,7.90909090909091
1952,lambiek fabriek,muscar-elle juicy & wild,belgien,750.0,139.3,,,,,syrlig öl,frukt,18.573333333333338
1953,pina colada gose,destihl brewery,usa,355.0,25.9,2.0,4.0,1.0,Passar till sällskapsdryck,syrlig öl,gose och lichtenhainer,7.295774647887324
1954,kb rock,kullens bryggeri,sverige,330.0,30.9,7.0,6.0,1.0,Passar till fläskPassar till lammPassar till sällskapsdryck,ale,new england ipa/hazy ipa,9.363636363636363
1955,ryssby,ciamca ipa,sverige,330.0,29.9,8.0,6.0,2.0,Passar till fläskPassar till lammPassar till sällskapsdryck,ale,india pale ale,9.06060606060606
1956,the shady sharks,west coast ipa,sverige,330.0,29.7,7.0,7.0,2.0,Passar till lammPassar till nötPassar till sällskapsdryck,ale,india pale ale,9.0
1957,der schwedische lehrling,omnipollo,tyskland,500.0,24.9,5.0,5.0,1.0,Passar till fiskPassar till fågelPassar till fläskPassar till sällskapsdryck,ljus lager,dortmunder och helles,4.9799999999999995
1958,pilsky,,sverige,330.0,25.0,6.0,6.0,2.0,Passar till fågelPassar till fläskPassar till sällskapsdryck,ljus lager,pilsner,7.575757575757576
1959,det var som själva nättjen,gårdsbryggeriet 65°n,sverige,330.0,30.9,7.0,6.0,2.0,Passar till fläskPassar till lammPassar till sällskapsdryck,ale,amerikansk pale ale,9.363636363636363
1960,österlen färsköl,österlenbryggarna anno 1953,sverige,330.0,23.9,5.0,5.0,2.0,Passar till fläskPassar till lammPassar till sällskapsdryck,ljus lager,zwickel,7.242424242424242
1961,västkustsk stout,,sverige,330.0,28.1,5.0,7.0,2.0,Passar till lammPassar till nötPassar till skaldjurPassar till sällskapsdryck,torr porter och stout,,8.515151515151516
1962,rocket brewing company,penitent,sverige,330.0,24.9,3.0,5.0,1.0,Passar till fiskPassar till grönsakerPassar till skaldjurPassar till kryddstarkt,ljus lager,internationell stil,7.545454545454546
1963,salty caramel,subbe bryggeri,sverige,330.0,43.5,7.0,9.0,9.0,Passar till dessertPassar till sällskapsdryck,imperial porter och stout,,13.18181818181818
1964,the star thief,rocket brewing company ab,sverige,330.0,34.0,8.0,8.0,3.0,Passar till lammPassar till nötPassar till sällskapsdryck,ale,india pale ale,10.303030303030303
1965,pangpang,pineapple problem,sverige,440.0,59.0,7.0,7.0,2.0,Passar till lammPassar till nötPassar till sällskapsdryck,ale,india pale ale,13.40909090909091
1966,lambiek fabriek,muscar-elle juicy & wild,belgien,750.0,139.3,,,,,syrlig öl,frukt,18.573333333333338
1967,pina colada gose,destihl brewery,usa,355.0,25.9,2.0,4.0,1.0,Passar till sällskapsdryck,syrlig öl,gose och lichtenhainer,7.295774647887324
1968,kb rock,kullens bryggeri,sverige,330.0,30.9,7.0,6.0,1.0,Passar till fläskPassar till lammPassar till sällskapsdryck,ale,new england ipa/hazy ipa,9.363636363636363
1969,ryssby,ciamca ipa,sverige,330.0,29.9,8.0,6.0,2.0,Passar till fläskPassar till lammPassar till sällskapsdryck,ale,india pale ale,9.06060606060606
1970,the shady sharks,west coast ipa,sverige,330.0,29.7,7.0,7.0,2.0,Passar till lammPassar till nötPassar till sällskapsdryck,ale,india pale ale,9.0
1971,der schwedische lehrling,omnipollo,tyskland,500.0,24.9,5.0,5.0,1.0,Passar till fiskPassar till fågelPassar till fläskPassar till sällskapsdryck,ljus lager,dortmunder och helles,4.9799999999999995
1972,salty caramel,subbe bryggeri,sverige,330.0,43.5,7.0,9.0,9.0,Passar till dessertPassar till sällskapsdryck,imperial porter och stout,,13.18181818181818
1973,the star thief,rocket brewing company ab,sverige,330.0,34.0,8.0,8.0,3.0,Passar till lammPassar till nötPassar till sällskapsdryck,ale,india pale ale,10.303030303030303
1974,eskilstuna ölkultur,xiv,sverige,330.0,78.2,6.0,8.0,7.0,Passar till ostPassar till dessert,ale,barley wine,23.696969696969695
1975,"after sunset, before dawn",akia brygghus,sverige,440.0,39.6,8.0,7.0,2.0,Passar till lammPassar till nötPassar till sällskapsdryckPassar till vilt,ale,black ipa,9.0
1976,community beer ipa,,sverige,330.0,29.9,7.0,7.0,2.0,Passar till fläskPassar till lammPassar till sällskapsdryck,ale,india pale ale,9.06060606060606
1977,baronen,2019,sverige,330.0,49.8,5.0,10.0,8.0,Passar till ostPassar till sällskapsdryck,ale,barley wine,15.090909090909092
1978,oude quetsche tilquin à l'ancienne,gueuzerie tilquin,belgien,375.0,105.0,,,,,syrlig öl,frukt,28.000000000000004
1979,östersunds nya ångbryggeri,påsköl,sverige,330.0,26.1,6.0,6.0,2.0,Passar till fläskPassar till lammPassar till sällskapsdryck,mörk lager,dunkel,7.90909090909091
1980,baronen,2019,sverige,330.0,49.8,5.0,10.0,8.0,Passar till ostPassar till sällskapsdryck,ale,barley wine,15.090909090909092
1981,oude quetsche tilquin à l'ancienne,gueuzerie tilquin,belgien,375.0,105.0,,,,,syrlig öl,frukt,28.000000000000004
1982,community beer ipa,,sverige,330.0,29.9,7.0,7.0,2.0,Passar till fläskPassar till lammPassar till sällskapsdryck,ale,india pale ale,9.06060606060606
1983,"varför så sur, herr mango?",,sverige,330.0,36.7,2.0,4.0,1.0,Passar till aperitifPassar till sällskapsdryck,övrig syrlig öl,,11.121212121212123
1984,golden ale,,sverige,330.0,22.9,5.0,6.0,1.0,Passar till sällskapsdryckPassar till lammPassar till nöt,ale,golden/blond ale,6.939393939393939
1985,högtryck 1032 mbar,,sverige,330.0,24.9,6.0,6.0,1.0,Passar till fiskPassar till fågelPassar till fläskPassar till sällskapsdryck,ale,amerikansk pale ale,7.545454545454546
1986,haandbryggeriet haandbakk,,norge,375.0,84.9,,,,,syrlig öl,flamländsk röd och brun öl,22.64
1987,roslagens brygghus,roslagens oktoberfest,sverige,330.0,24.9,5.0,5.0,2.0,Passar till sällskapsdryckPassar till grönsakerPassar till fågelPassar till fläsk,mellanmörk lager,märzen och wienerstil,7.545454545454546
1988,mango passion,,sverige,330.0,34.9,1.0,3.0,1.0,Passar till aperitifPassar till sällskapsdryck,syrlig öl,berliner weisse,10.575757575757576
1989,rådanäs porter,,sverige,330.0,29.9,7.0,5.0,1.0,Passar till lammPassar till nötPassar till sällskapsdryck,torr porter och stout,,9.06060606060606
1990,pangpang,peach preacher,sverige,330.0,49.9,4.0,5.0,2.0,Passar till sällskapsdryck,övrig syrlig öl,,15.121212121212121
1991,wetter lacus,,sverige,330.0,29.9,5.0,5.0,1.0,Passar till sällskapsdryckPassar till fiskPassar till fågelPassar till fläsk,ale,engelsk pale ale och bitter,9.06060606060606
1992,dalabryggeri,india pale ale,sverige,330.0,24.9,8.0,6.0,1.0,Passar till lammPassar till nötPassar till sällskapsdryck,ale,india pale ale,7.545454545454546
1993,brekeriet sour & salt,,sverige,330.0,29.9,2.0,3.0,1.0,Passar till fiskPassar till skaldjurPassar till sällskapsdryck,syrlig öl,gose och lichtenhainer,9.06060606060606
1994,ocean mild,,sverige,500.0,29.3,5.0,6.0,1.0,Passar till sällskapsdryckPassar till fläskPassar till lamm,ale,mild,5.86
1995,den låga solen,bottenvikens bryggeri,sverige,330.0,29.9,5.0,5.0,2.0,Passar till fiskPassar till fågelPassar till fläskPassar till sällskapsdryck,ale,saison,9.06060606060606
1996,bockhammar,russian imperial stout,sverige,330.0,39.9,7.0,9.0,3.0,Passar till lammPassar till nötPassar till sällskapsdryckPassar till vilt,imperial porter och stout,,12.090909090909092
1997,blacksta brygghus,rabarber ipa,sverige,330.0,33.0,5.0,4.0,1.0,Passar till fågelPassar till fläskPassar till sällskapsdryck,ale,india pale ale,10.0
1998,öregrund,pale ale,sverige,330.0,25.8,7.0,6.0,1.0,Passar till fågelPassar till fläskPassar till lammPassar till sällskapsdryck,,,7.818181818181818
1999,mohawk,unfiltered summer lager,sverige,330.0,29.9,7.0,6.0,2.0,Passar till fågelPassar till fläskPassar till sällskapsdryck,ljus lager,modern stil/india pale lager,9.06060606060606
2000,pangpang flamingo-go,,sverige,330.0,38.8,8.0,8.0,3.0,Passar till lammPassar till nötPassar till sällskapsdryck,ale,india pale ale,11.757575757575758
2001,coppersmith's,organic pils,sverige,330.0,19.9,6.0,6.0,1.0,Passar till sällskapsdryckPassar till fiskPassar till fågelPassar till fläsk,ljus lager,pilsner,6.030303030303029
2002,brekeriet,lusse lelle,sverige,330.0,32.9,2.0,3.0,1.0,Passar till sällskapsdryckPassar till aperitif,övrig syrlig öl,,9.969696969696969
2003,beersmiths,old school,sverige,330.0,27.6,7.0,8.0,3.0,Passar till lammPassar till nötPassar till sällskapsdryck,ale,india pale ale,8.363636363636365
2004,blå,,sverige,330.0,34.9,2.0,5.0,1.0,Passar till aperitifPassar till sällskapsdryck,övrig syrlig öl,,10.575757575757576
2005,wicked weed,vinifera,usa,500.0,105.0,,,,,övrig syrlig öl,,21.0
2006,to øl,house of pale,danmark,440.0,29.9,7.0,5.0,1.0,Passar till nötPassar till lammPassar till sällskapsdryck,ale,amerikansk pale ale,6.795454545454545
2007,vega,modern lager,sverige,330.0,26.9,6.0,6.0,1.0,Passar till fiskPassar till fågelPassar till fläskPassar till sällskapsdryck,ljus lager,modern stil/india pale lager,8.15151515151515
2008,hop notch,hello sunshine! neipa,sverige,440.0,42.9,7.0,7.0,3.0,Passar till fläskPassar till lammPassar till sällskapsdryck,ale,new england ipa/hazy ipa,9.75
2009,pangpang,hökis ipa,sverige,440.0,49.9,7.0,7.0,3.0,Passar till fläskPassar till lammPassar till sällskapsdryck,ale,india pale ale,11.34090909090909
2010,3 fonteinen,"oude kriek, 2019",belgien,750.0,199.0,,,,,syrlig öl,frukt,26.53333333333333
2011,kaleidoscope,subbe bryggeri,sverige,330.0,34.5,8.0,7.0,2.0,Passar till lammPassar till nötPassar till sällskapsdryck,ale,india pale ale,10.454545454545453
2012,mohawk grappa barrel-aged,baa baa barleywine,sverige,330.0,69.9,6.0,10.0,8.0,Passar till ostPassar till sällskapsdryck,ale,barley wine,21.181818181818183
2013,hop shed,kveik wheat,sverige,330.0,29.8,4.0,4.0,2.0,Passar till grönsakerPassar till kryddstarktPassar till fågelPassar till sällskapsdryck,veteöl,övrig veteöl,9.03030303030303
2014,ramble pale ale,adelsö bryggeri,sverige,330.0,24.9,6.0,7.0,2.0,Passar till sällskapsdryckPassar till fläskPassar till lamm,ale,amerikansk pale ale,7.545454545454546
2015,prins katt,tutti frukti imperial tropical fruit milkshake sour,sverige,330.0,39.9,2.0,5.0,1.0,Passar till aperitifPassar till sällskapsdryck,övrig syrlig öl,,12.090909090909092
2016,alskute farm & brewery,breakfast stout,sverige,330.0,34.6,8.0,8.0,1.0,Passar till lammPassar till nötPassar till sällskapsdryckPassar till vilt,torr porter och stout,,10.484848484848486
2017,brewmance belgian tripel,prins katts hantverksöl,sverige,330.0,39.9,5.0,8.0,2.0,Passar till fläskPassar till lammPassar till sällskapsdryck,ale,trippel,12.090909090909092
2018,myrén röda,sibbetorps gård,sverige,330.0,36.7,5.0,6.0,2.0,Passar till grönsakerPassar till fläskPassar till lammPassar till sällskapsdryck,ale,amber ale,11.121212121212123
2019,strömstad stout,,sverige,330.0,22.2,6.0,7.0,1.0,Passar till lammPassar till nötPassar till viltPassar till sällskapsdryck,torr porter och stout,,6.7272727272727275
2020,wessinge brygghus,skummeslövsstrand bryggpilsner,sverige,330.0,23.8,6.0,6.0,2.0,Passar till fläskPassar till lammPassar till nötPassar till sällskapsdryck,ljus lager,pilsner,7.212121212121213
2021,wessinge brygghus,stout at the devil,sverige,330.0,39.2,4.0,10.0,9.0,Passar till dessertPassar till sällskapsdryck,imperial porter och stout,,11.87878787878788
2022,full moon,,sverige,330.0,35.1,5.0,8.0,2.0,Passar till lammPassar till nötPassar till sällskapsdryckPassar till vilt,ale,dubbel,10.636363636363637
2023,o/o,winter warmer,sverige,330.0,39.9,7.0,7.0,2.0,Passar till fläskPassar till lammPassar till nötPassar till sällskapsdryck,ale,strong ale,12.090909090909092
2024,pangpang,strawberry preacher,sverige,330.0,49.9,2.0,5.0,2.0,Passar till aperitifPassar till sällskapsdryck,övrig syrlig öl,,15.121212121212121
2025,streaplers lager,,sverige,330.0,28.1,5.0,5.0,1.0,Passar till fiskPassar till sällskapsdryckPassar till skaldjur,ljus lager,internationell stil,8.515151515151516
2026,straight up fluff,pangpang brewery,sverige,440.0,49.9,6.0,7.0,3.0,Passar till lammPassar till nötPassar till sällskapsdryck,ale,india pale ale,11.34090909090909
2027,orbit,tempel brygghus,sverige,330.0,22.4,7.0,6.0,1.0,Passar till fläskPassar till lammPassar till sällskapsdryck,ale,amerikansk pale ale,6.787878787878787
2028,carlstad bryggeri,gf,sverige,330.0,23.9,5.0,6.0,2.0,Passar till lammPassar till nötPassar till vilt,mörk lager,dunkel,7.242424242424242
2029,pivovar shenk,,slovakien,750.0,148.9,,,,,övrig syrlig öl,,19.853333333333335
2030,modern times,vanilla latte black house edition,usa,568.0,65.9,,,,,söt porter och stout,,11.60211267605634
2031,friends,double cherry cupcake sour,sverige,330.0,39.9,1.0,5.0,3.0,Passar till sällskapsdryck,syrlig öl,berliner weisse,12.090909090909092
2032,amager,batch 2000 ipa,danmark,440.0,50.9,9.0,8.0,3.0,Passar till lammPassar till nötPassar till sällskapsdryck,ale,india pale ale,11.568181818181818
2033,mohawk,lazy afternoon,sverige,330.0,32.9,7.0,6.0,2.0,Passar till fläskPassar till lammPassar till sällskapsdryck,ale,session ipa,9.969696969696969
2034,c'mon people,,sverige,330.0,24.5,4.0,5.0,1.0,Passar till fågelPassar till fläskPassar till grönsakerPassar till sällskapsdryck,mellanmörk lager,california common,7.424242424242425
2035,parsnip & shiso,rocket brewing company,sverige,330.0,43.9,5.0,9.0,8.0,Passar till dessertPassar till sällskapsdryck,söt porter och stout,,13.303030303030303
2036,rocket brewing,oktoberfest 2197,sverige,330.0,24.9,6.0,6.0,3.0,Passar till fågelPassar till fläskPassar till grönsakerPassar till sällskapsdryck,ljus lager,dortmunder och helles,7.545454545454546
2037,tok-olle,,sverige,500.0,31.9,6.0,7.0,2.0,Passar till fläskPassar till lammPassar till nötPassar till sällskapsdryck,ale,engelsk pale ale och bitter,6.38
2038,baladin super bitter,,italien,330.0,26.9,6.0,8.0,2.0,Passar till fläskPassar till lammPassar till nötPassar till sällskapsdryck,ale,belgisk mörk ale,8.15151515151515
2039,skebo,herrgårdsporter,sverige,500.0,31.3,6.0,7.0,2.0,Passar till lammPassar till nötPassar till sällskapsdryck,torr porter och stout,,6.260000000000001
2040,electric nurse,dark orange skull barrel aged,sverige,330.0,70.4,7.0,9.0,7.0,Passar till sällskapsdryck,imperial porter och stout,,21.333333333333336
2041,reenstierna,lager,sverige,330.0,23.9,5.0,5.0,1.0,Passar till fågelPassar till fläskPassar till sällskapsdryck,ljus lager,modern stil/india pale lager,7.242424242424242
2042,belgisk vinteröl,,sverige,330.0,33.5,6.0,8.0,3.0,Passar till lammPassar till nötPassar till viltPassar till sällskapsdryck,ale,belgisk mörk ale,10.151515151515152
2043,ella,brown ale,sverige,330.0,27.5,7.0,7.0,2.0,Passar till lammPassar till nötPassar till sällskapsdryck,ale,brown ale,8.333333333333332
2044,jädraöl,gävle lager,sverige,330.0,24.9,5.0,6.0,1.0,Passar till fiskPassar till fågelPassar till fläskPassar till sällskapsdryck,ljus lager,modern stil/india pale lager,7.545454545454546
2045,bustad brewing,bound for new england,sverige,330.0,29.9,7.0,7.0,2.0,Passar till fläskPassar till lammPassar till sällskapsdryck,ale,new england ipa/hazy ipa,9.06060606060606
2046,kalkskär källaröl,,sverige,500.0,30.2,6.0,6.0,1.0,Passar till fågelPassar till fläskPassar till sällskapsdryck,ljus lager,zwickel,6.039999999999999
2047,geflebockens bryggeri,the rise and fall of the burning bock!,sverige,330.0,26.9,7.0,6.0,1.0,Passar till lammPassar till nötPassar till sällskapsdryck,ale,amerikansk pale ale,8.15151515151515
2048,bryggarbackens lager,,sverige,330.0,24.9,4.0,4.0,2.0,Passar till fågelPassar till fläskPassar till sällskapsdryck,ljus lager,dortmunder och helles,7.545454545454546
2049,red ale,ryssby bryggeri,sverige,330.0,29.9,5.0,6.0,2.0,Passar till fläskPassar till lammPassar till sällskapsdryck,ale,amber ale,9.06060606060606
2050,brasstacks,the conductor,sverige,330.0,29.6,8.0,8.0,3.0,Passar till lammPassar till nötPassar till sällskapsdryck,ale,india pale ale,8.96969696969697
2051,idlewild,our dancing daughters sour lemon ipa,sverige,330.0,34.9,7.0,5.0,1.0,Passar till sällskapsdryck,övrig syrlig öl,,10.575757575757576
2052,sibbarps husbryggeri,citruslager,sverige,330.0,31.0,4.0,6.0,1.0,Passar till fiskPassar till fågelPassar till fläskPassar till sällskapsdryck,ljus lager,modern stil/india pale lager,9.393939393939393
2053,blonde bira,,sverige,330.0,29.5,4.0,5.0,1.0,Passar till fiskPassar till fågelPassar till fläskPassar till sällskapsdryck,ale,belgisk ljus ale,8.93939393939394
2054,electric nurse,hoppy ipa,sverige,330.0,27.9,10.0,6.0,1.0,Passar till fläskPassar till nötPassar till sällskapsdryck,ale,india pale ale,8.454545454545453
2055,ayinger,winter bock,tyskland,500.0,29.9,5.0,6.0,2.0,Passar till fläskPassar till lammPassar till sällskapsdryckPassar till grönsaker,mörk lager,dubbelbock,5.9799999999999995
2056,gamla enskede bryggeri,fågelkärrs special bitter,sverige,330.0,25.0,6.0,6.0,1.0,Passar till sällskapsdryckPassar till lammPassar till nöt,ale,engelsk pale ale och bitter,7.575757575757576
2057,gamla enskede bryggeri,kvitter,sverige,330.0,26.0,5.0,5.0,2.0,Passar till fågelPassar till fläskPassar till grönsakerPassar till sällskapsdryck,ale,session ipa,7.878787878787878
2058,brewski,rhuberry pie,sverige,330.0,48.9,2.0,5.0,1.0,Passar till sällskapsdryck,syrlig öl,berliner weisse,14.818181818181817
2059,pine ridge brewery,the delirious donkeys pale lager,sverige,330.0,20.4,6.0,6.0,1.0,Passar till fiskPassar till fågelPassar till fläskPassar till sällskapsdryck,ljus lager,internationell stil,6.181818181818182
2060,diamant,,sverige,330.0,25.9,7.0,5.0,1.0,Passar till fågelPassar till fläskPassar till sällskapsdryck,ale,amerikansk pale ale,7.848484848484848
2061,dugges lusher crusher,,sverige,330.0,35.0,5.0,8.0,3.0,Passar till fågelPassar till fläsk,ale,imperial/dubbel ipa,10.606060606060606
2062,limhamns weisse,,sverige,330.0,27.9,2.0,5.0,2.0,Passar till fiskPassar till fågelPassar till kryddstarktPassar till fläsk,veteöl,hefeweizen,8.454545454545453
2063,mohawk,in the bag,sverige,330.0,29.9,6.0,6.0,2.0,Passar till sällskapsdryckPassar till lammPassar till nöt,ale,engelsk pale ale och bitter,9.06060606060606
2064,malmtåg,,sverige,330.0,29.9,5.0,5.0,2.0,Passar till fläskPassar till lammPassar till nötPassar till sällskapsdryck,mörk lager,dunkel,9.06060606060606
2065,mohawk,mareld west coast ipa,sverige,330.0,33.9,7.0,7.0,2.0,Passar till lammPassar till nötPassar till sällskapsdryck,ale,india pale ale,10.272727272727272
2066,rocket brewing company,ophelia,sverige,330.0,29.9,6.0,5.0,2.0,Passar till fiskPassar till fågelPassar till grönsakerPassar till sällskapsdryck,ale,amerikansk pale ale,9.06060606060606
2067,stigbergets,ringöbräu rauchbier,sverige,440.0,29.9,5.0,7.0,2.0,Passar till sällskapsdryckPassar till lammPassar till nötPassar till vilt,annan öl,öl av flera typer/stilar,6.795454545454545
2068,generation ipa,adelsö bryggeri,sverige,330.0,24.9,7.0,7.0,2.0,Passar till lammPassar till nötPassar till sällskapsdryck,ale,india pale ale,7.545454545454546
2069,smith street,kellerbier [sylvia],sverige,330.0,25.0,5.0,5.0,2.0,Passar till fiskPassar till fågelPassar till fläskPassar till sällskapsdryck,ljus lager,zwickel,7.575757575757576
2070,rocket brewing company,fire starter,sverige,330.0,34.9,2.0,5.0,2.0,Passar till fågelPassar till fläskPassar till sällskapsdryck,veteöl,witbier,10.575757575757576
2071,rnb viggan wit,,sverige,330.0,28.0,2.0,4.0,1.0,Passar till fiskPassar till grönsakerPassar till kryddstarktPassar till sällskapsdryck,veteöl,witbier,8.484848484848486
2072,vareböke bryggeri,peachy sour,sverige,330.0,31.9,2.0,4.0,1.0,Passar till sällskapsdryck,syrlig öl,berliner weisse,9.666666666666666
2073,wit,,sverige,330.0,27.8,4.0,5.0,1.0,Passar till sällskapsdryckPassar till fiskPassar till fågelPassar till asiatiskt,veteöl,witbier,8.424242424242424
2074,all in brewing,preemyum pils hallertau extra,sverige,330.0,24.9,6.0,6.0,1.0,Passar till fågelPassar till fläskPassar till grönsakerPassar till sällskapsdryck,ljus lager,pilsner,7.545454545454546
2075,vareböke bryggeri,weekend session,sverige,330.0,28.9,5.0,5.0,1.0,Passar till fiskPassar till fågelPassar till grönsakerPassar till sällskapsdryck,ale,session ipa,8.757575757575758
2076,rådanäs bourbon mash beer,,sverige,330.0,29.9,5.0,7.0,3.0,Passar till fläskPassar till lammPassar till nötPassar till sällskapsdryck,ale,strong ale,9.06060606060606
2077,prins katt,breakfast-ipa,sverige,330.0,34.9,7.0,6.0,1.0,Passar till lammPassar till nötPassar till sällskapsdryck,ale,india pale ale,10.575757575757576
2078,rådanäs alter ego,,sverige,330.0,24.9,6.0,6.0,2.0,Passar till fågelPassar till fläskPassar till nötPassar till sällskapsdryck,ale,altbier,7.545454545454546
2079,the hairy beaver's,smoked vanilla porter,sverige,330.0,31.5,7.0,8.0,2.0,Passar till lammPassar till nötPassar till sällskapsdryckPassar till vilt,imperial porter och stout,,9.545454545454547
2080,ask,pale ale,sverige,330.0,28.0,8.0,7.0,1.0,Passar till lammPassar till nötPassar till sällskapsdryck,ale,amerikansk pale ale,8.484848484848486
2081,värmdö,weisse,sverige,500.0,29.9,3.0,5.0,2.0,Passar till fiskPassar till kryddstarktPassar till grönsakerPassar till sällskapsdryck,veteöl,hefeweizen,5.9799999999999995
2082,fierce beer,big night in part one,storbritannien,440.0,64.9,6.0,7.0,7.0,Passar till dessertPassar till sällskapsdryck,ale,barley wine,14.750000000000002
2083,ollio märzen,,sverige,440.0,28.1,6.0,6.0,3.0,Passar till lammPassar till nötPassar till sällskapsdryck,mellanmörk lager,märzen och wienerstil,6.386363636363638
2084,den bryggande holländaren,c3rvdxq,sverige,330.0,36.6,3.0,6.0,2.0,Passar till fläskPassar till lammPassar till sällskapsdryck,övrig syrlig öl,,11.090909090909092
2085,the hairy beaver's,smoked vanilla porter,sverige,330.0,31.5,7.0,8.0,2.0,Passar till lammPassar till nötPassar till sällskapsdryckPassar till vilt,imperial porter och stout,,9.545454545454547
2086,ask,pale ale,sverige,330.0,28.0,8.0,7.0,1.0,Passar till lammPassar till nötPassar till sällskapsdryck,ale,amerikansk pale ale,8.484848484848486
2087,sibbarps husbryggeri hefe weissbier,sibbarps husbryggeri ab,sverige,500.0,29.9,3.0,5.0,1.0,Passar till asiatisktPassar till fiskPassar till fläskPassar till sällskapsdryck,veteöl,hefeweizen,5.9799999999999995
2088,silver,stout,sverige,330.0,38.0,5.0,6.0,2.0,Passar till lammPassar till nötPassar till sällskapsdryck,söt porter och stout,,11.515151515151516
2089,hernö ulvö brown,,sverige,330.0,28.8,6.0,6.0,2.0,Passar till lammPassar till nötPassar till sällskapsdryckPassar till vilt,ale,brown ale,8.727272727272728
2090,achel,bruin bier,belgien,330.0,30.0,5.0,8.0,4.0,Passar till lammPassar till nötPassar till viltPassar till ost,ale,dubbel,9.090909090909092
2091,pangpang,mango habanero preacher,sverige,330.0,49.9,6.0,6.0,1.0,Passar till sällskapsdryck,övrig syrlig öl,,15.121212121212121
2092,mohawk doubleishious,,sverige,330.0,36.9,5.0,7.0,3.0,Passar till fläskPassar till fågelPassar till sällskapsdryck,ale,new england ipa/hazy ipa,11.181818181818182
2093,svartbergets fjällbryggeri,jämtsur,sverige,330.0,32.9,2.0,4.0,1.0,Passar till aperitifPassar till sällskapsdryck,syrlig öl,berliner weisse,9.969696969696969
2094,inglorious quad,,belgien,330.0,34.9,4.0,8.0,6.0,Passar till sällskapsdryckPassar till nötPassar till viltPassar till ost,ale,abt och kvadrupel,10.575757575757576
2095,enskede pale ale,,sverige,330.0,24.9,6.0,4.0,1.0,Passar till fläskPassar till lamm,ale,engelsk pale ale och bitter,7.545454545454546
2096,wapnö bjällra ipa,,sverige,330.0,25.4,8.0,7.0,1.0,Passar till lammPassar till nötPassar till sällskapsdryck,ale,india pale ale,7.696969696969696
2097,linné,brown ale,sverige,330.0,23.9,7.0,6.0,1.0,Passar till fläskPassar till lammPassar till nötPassar till sällskapsdryck,ale,brown ale,7.242424242424242
2098,lilla edet bryggeri,craftwerket 1926,sverige,330.0,29.9,7.0,7.0,2.0,Passar till lammPassar till nötPassar till sällskapsdryck,ale,black ipa,9.06060606060606
2099,garvarens stout,,sverige,330.0,29.9,6.0,8.0,6.0,Passar till lammPassar till nötPassar till sällskapsdryckPassar till vilt,söt porter och stout,,9.06060606060606
2100,bryggeriet stenhammaren,sundsvall porter,sverige,330.0,29.8,7.0,7.0,2.0,Passar till lammPassar till nötPassar till viltPassar till sällskapsdryck,torr porter och stout,,9.03030303030303
2101,ålgården ale,,sverige,500.0,28.4,6.0,6.0,1.0,Passar till fläskPassar till lammPassar till sällskapsdryck,ale,engelsk pale ale och bitter,5.68
2102,pangpang passion preacher,pangpang brewery,sverige,330.0,49.9,1.0,5.0,2.0,Passar till aperitifPassar till sällskapsdryck,övrig syrlig öl,,15.121212121212121
2103,lemondrop jungle,,sverige,330.0,34.9,7.0,6.0,1.0,Passar till sällskapsdryckPassar till lammPassar till nöt,ale,india pale ale,10.575757575757576
2104,lilla edet bryggeri,vildlaxens hopp,sverige,330.0,32.5,7.0,8.0,4.0,Passar till lammPassar till nötPassar till sällskapsdryck,ale,india pale ale,9.848484848484848
2105,keps aberration,,sverige,330.0,39.3,5.0,9.0,8.0,Passar till dessertPassar till sällskapsdryck,imperial porter och stout,,11.909090909090908
2106,nacka belgo quad,,sverige,330.0,68.9,5.0,9.0,7.0,Passar till ostPassar till lammPassar till nötPassar till sällskapsdryck,ale,abt och kvadrupel,20.87878787878788
2107,två feta grisar,belgisk blond,sverige,330.0,27.0,4.0,4.0,2.0,Passar till fiskPassar till skaldjurPassar till kryddstarktPassar till sällskapsdryck,ale,belgisk ljus ale,8.181818181818182
2108,omaka,venice,sverige,330.0,25.9,3.0,5.0,2.0,Passar till fågelPassar till fläskPassar till kryddstarktPassar till sällskapsdryck,ale,saison,7.848484848484848
2109,einherjer,,sverige,330.0,38.1,3.0,6.0,3.0,Passar till fläskPassar till fågelPassar till grönsakerPassar till sällskapsdryck,annan öl,öl av flera typer/stilar,11.545454545454547
2110,mohawk,meet me in montauk,sverige,330.0,32.9,8.0,8.0,2.0,Passar till lammPassar till nötPassar till sällskapsdryck,ale,amerikansk pale ale,9.969696969696969
2111,örebro brygghus,ale,sverige,330.0,25.9,6.0,8.0,2.0,Passar till lammPassar till nötPassar till sällskapsdryck,ale,strong ale,7.848484848484848
2112,råå bryggeri,#granen,sverige,330.0,20.9,6.0,6.0,1.0,Passar till fiskPassar till fågelPassar till fläskPassar till sällskapsdryck,ljus lager,dortmunder och helles,6.333333333333332
2113,windfall,,usa,375.0,117.9,,,,,övrig syrlig öl,,31.44
2114,sour cherry,,sverige,330.0,25.0,2.0,5.0,1.0,Passar till fågelPassar till fläskPassar till grönsakerPassar till sällskapsdryck,övrig syrlig öl,,7.575757575757576
2115,american ipa,,sverige,330.0,24.9,8.0,7.0,1.0,Passar till lammPassar till nötPassar till sällskapsdryck,ale,india pale ale,7.545454545454546
2116,rocket brewing company,robot tourist,sverige,330.0,32.9,8.0,7.0,2.0,Passar till lammPassar till nötPassar till sällskapsdryck,ale,india pale ale,9.969696969696969
2117,alingsås bryggeri,star,sverige,500.0,30.4,4.0,4.0,2.0,Passar till fiskPassar till grönsakerPassar till sällskapsdryckPassar till skaldjur,ljus lager,pilsner,6.08
2118,swag bag,dipa,sverige,440.0,54.9,8.0,8.0,4.0,Passar till lammPassar till nötPassar till sällskapsdryck,ale,imperial/dubbel ipa,12.477272727272727
2119,ddh session neipa,all in brewing,sverige,330.0,33.4,8.0,7.0,1.0,Passar till sällskapsdryckPassar till grönsakerPassar till fläskPassar till lamm,ale,session ipa,10.121212121212121
2120,any new ipa,all in brewing,sverige,330.0,34.9,7.0,7.0,2.0,Passar till sällskapsdryckPassar till grönsakerPassar till fågelPassar till fläsk,ale,india pale ale,10.575757575757576
2121,no. 7,,sverige,500.0,29.5,6.0,7.0,2.0,Passar till fläskPassar till lammPassar till sällskapsdryckPassar till grönsaker,mellanmörk lager,märzen och wienerstil,5.8999999999999995
2122,la mosaic sauce,double dry hopped milkshake double ipa,sverige,330.0,39.9,8.0,8.0,4.0,Passar till fläskPassar till lammPassar till nötPassar till sällskapsdryck,ale,imperial/dubbel ipa,12.090909090909092
2123,the pine ridge brewery,the fearsome grizzlys california common,sverige,330.0,24.7,6.0,6.0,1.0,Passar till lammPassar till nötPassar till sällskapsdryck,mellanmörk lager,california common,7.484848484848484
2124,boomerang,blonde ale,sverige,330.0,23.9,6.0,6.0,2.0,Passar till fågelPassar till fläskPassar till grönsakerPassar till sällskapsdryck,ale,golden/blond ale,7.242424242424242
2125,opaque,imperial oat stout,sverige,440.0,45.1,9.0,9.0,3.0,Passar till lammPassar till nötPassar till sällskapsdryckPassar till vilt,imperial porter och stout,,10.25
2126,mohawk,bourbon barrel-aged obsidian,sverige,330.0,49.9,7.0,9.0,9.0,Passar till dessertPassar till sällskapsdryck,imperial porter och stout,,15.121212121212121
2127,boom boom blonde,adelsö bryggeri,sverige,330.0,23.9,6.0,6.0,1.0,Passar till sällskapsdryckPassar till fågelPassar till fläsk,ale,golden/blond ale,7.242424242424242
2128,smaland brewing,raspberry blackcurrant berliner weisse,sverige,330.0,34.9,2.0,4.0,1.0,Passar till aperitifPassar till sällskapsdryck,syrlig öl,berliner weisse,10.575757575757576
2129,dino sour,sibbetorps gård,sverige,330.0,28.7,2.0,5.0,1.0,Passar till sällskapsdryck,övrig syrlig öl,,8.696969696969695
2130,strandlida bryggeri,vit ale,sverige,500.0,34.6,5.0,6.0,1.0,Passar till asiatisktPassar till fiskPassar till fågelPassar till fläsk,veteöl,witbier,6.92
2131,m.a. janssons promenadporter,,sverige,500.0,33.8,5.0,5.0,1.0,Passar till lammPassar till nötPassar till sällskapsdryck,porter och stout,,6.76
2132,weihenstephaner,kristall weissbier,tyskland,500.0,23.9,2.0,4.0,2.0,Passar till fiskPassar till fågelPassar till kryddstarktPassar till sällskapsdryck,veteöl,kristallweizen,4.779999999999999
2133,hoppy ipa,,sverige,330.0,30.2,7.0,7.0,2.0,Passar till fläskPassar till lammPassar till sällskapsdryck,ale,india pale ale,9.15151515151515
2134,rock 'n' roll craft beer,marshall  amped up lager,storbritannien,330.0,19.9,7.0,6.0,1.0,Passar till fiskPassar till fågelPassar till fläskPassar till sällskapsdryck,ljus lager,modern stil/india pale lager,6.030303030303029
2135,fyrvaktaren,bryggeriaktiebolaget nya victoria,sverige,330.0,27.9,6.0,5.0,1.0,Passar till fågelPassar till fiskPassar till fläskPassar till sällskapsdryck,ale,session ipa,8.454545454545453
2136,korpen,härjebrygg,sverige,330.0,37.6,6.0,6.0,2.0,Passar till lammPassar till nötPassar till viltPassar till sällskapsdryck,torr porter och stout,,11.393939393939394
2137,good guys brew,bara pilsner,sverige,330.0,14.8,6.0,6.0,1.0,Passar till fiskPassar till skaldjurPassar till sällskapsdryck,ljus lager,pilsner,4.484848484848485
2138,östersunds nya ångbryggeri,modern lager,sverige,330.0,23.9,7.0,6.0,3.0,Passar till fågelPassar till fläskPassar till sällskapsdryck,ljus lager,modern stil/india pale lager,7.242424242424242
2139,myntmästarens mörka,,sverige,330.0,29.6,6.0,8.0,2.0,Passar till lammPassar till nötPassar till sällskapsdryckPassar till vilt,ale,old ale,8.96969696969697
2140,stinsens suveräna,,sverige,330.0,26.7,6.0,6.0,2.0,Passar till fiskPassar till fågelPassar till fläskPassar till sällskapsdryck,ljus lager,dortmunder och helles,8.09090909090909
2141,fulltofta,sommarnatt,sverige,330.0,32.2,6.0,7.0,2.0,Passar till sällskapsdryckPassar till lammPassar till nöt,ale,dubbel,9.757575757575758
2142,tranan hefeweizen,,sverige,330.0,27.8,2.0,4.0,2.0,Passar till asiatisktPassar till fiskPassar till kryddstarktPassar till sällskapsdryck,veteöl,hefeweizen,8.424242424242424
2143,revolt,lager,sverige,330.0,29.5,5.0,5.0,2.0,Passar till fiskPassar till fågelPassar till fläskPassar till sällskapsdryck,mellanmörk lager,märzen och wienerstil,8.93939393939394
2144,wild ginger,lost island brewery,sverige,330.0,26.8,8.0,6.0,1.0,Passar till fiskPassar till fågelPassar till fläskPassar till sällskapsdryck,ale,amerikansk pale ale,8.121212121212121
2145,dark & creamy,wet whistle brewery,sverige,330.0,43.0,8.0,9.0,4.0,Passar till lammPassar till nötPassar till sällskapsdryckPassar till vilt,imperial porter och stout,,13.030303030303031
2146,fyren,ipa,sverige,330.0,29.8,9.0,7.0,1.0,Passar till lammPassar till nötPassar till sällskapsdryck,ale,india pale ale,9.03030303030303
2147,south plains,burning witches brew,sverige,330.0,21.9,8.0,6.0,1.0,Passar till nötPassar till sällskapsdryckPassar till vilt,ale,black ipa,6.636363636363636
2148,lännabruk,india pale ale,sverige,330.0,29.9,7.0,6.0,1.0,Passar till lammPassar till nötPassar till sällskapsdryck,ale,india pale ale,9.06060606060606
2149,no. 4,india pale lager,sverige,330.0,24.9,6.0,6.0,1.0,Passar till fiskPassar till fågelPassar till fläskPassar till sällskapsdryck,ljus lager,modern stil/india pale lager,7.545454545454546
2150,uppsala brygghus,passion for you,sverige,330.0,29.9,6.0,7.0,2.0,Passar till fågelPassar till fläskPassar till sällskapsdryck,ale,india pale ale,9.06060606060606
2151,how to just pick one pils,,sverige,330.0,22.9,4.0,4.0,1.0,Passar till fiskPassar till skaldjurPassar till sällskapsdryck,ljus lager,modern stil/india pale lager,6.939393939393939
2152,ekuanot call this ipa,nyköping brewing,sverige,440.0,35.9,8.0,7.0,2.0,Passar till lammPassar till ostPassar till sällskapsdryck,ale,india pale ale,8.159090909090908
2153,swepa,swedish pale ale,sverige,330.0,31.0,7.0,6.0,1.0,Passar till fläskPassar till lammPassar till sällskapsdryck,ale,amerikansk pale ale,9.393939393939393
2154,ipale,,sverige,330.0,32.3,9.0,7.0,2.0,Passar till lammPassar till nötPassar till sällskapsdryck,ale,india pale ale,9.787878787878787
2155,apex brewing,single hop ipa,sverige,440.0,47.9,8.0,7.0,2.0,Passar till lammPassar till nötPassar till sällskapsdryck,ale,india pale ale,10.886363636363635
2156,ängöl halv ipa,ängöl ab,sverige,330.0,26.9,8.0,6.0,1.0,Passar till lammPassar till nötPassar till sällskapsdryck,ale,session ipa,8.15151515151515
2157,en aleigen brewery,proud marie,sverige,330.0,31.8,7.0,7.0,1.0,Passar till lammPassar till nötPassar till sällskapsdryck,ale,brown ale,9.636363636363637
2158,wayfaring stranger,åre bryggcompagni,sverige,330.0,35.2,6.0,6.0,1.0,Passar till aperitifPassar till sällskapsdryck,ale,india pale ale,10.666666666666668
2159,barlingbo bryggeri,raudar påsköl,sverige,330.0,34.9,5.0,7.0,1.0,Passar till fläskPassar till lammPassar till grönsakerPassar till sällskapsdryck,ale,belgisk mörk ale,10.575757575757576
2160,irish walnut porter,,sverige,330.0,26.9,6.0,6.0,2.0,Passar till lammPassar till nötPassar till sällskapsdryck,torr porter och stout,,8.15151515151515
2161,uppsala brygghus,passion for you,sverige,330.0,29.9,6.0,7.0,2.0,Passar till fågelPassar till fläskPassar till sällskapsdryck,ale,india pale ale,9.06060606060606
2162,how to just pick one pils,,sverige,330.0,22.9,4.0,4.0,1.0,Passar till fiskPassar till skaldjurPassar till sällskapsdryck,ljus lager,modern stil/india pale lager,6.939393939393939
2163,ängöl halv ipa,ängöl ab,sverige,330.0,26.9,8.0,6.0,1.0,Passar till lammPassar till nötPassar till sällskapsdryck,ale,session ipa,8.15151515151515
2164,gammelbacka chilla,,sverige,330.0,35.7,6.0,7.0,1.0,Passar till lammPassar till nötPassar till sällskapsdryck,porter och stout,,10.818181818181818
2165,helsingborgs,blondie,sverige,330.0,22.9,6.0,7.0,2.0,Passar till fågelPassar till fläskPassar till lammPassar till sällskapsdryck,ale,engelsk pale ale och bitter,6.939393939393939
2166,barlingbo bryggeri,raudar påsköl,sverige,330.0,34.9,5.0,7.0,1.0,Passar till fläskPassar till lammPassar till grönsakerPassar till sällskapsdryck,ale,belgisk mörk ale,10.575757575757576
2167,fermenterarna,funny bunny is my name,sverige,440.0,49.9,7.0,7.0,2.0,Passar till lammPassar till nötPassar till sällskapsdryck,ale,new england ipa/hazy ipa,11.34090909090909
2168,strawberry skutan forever,svartbergets fjällbryggeri,sverige,330.0,39.8,2.0,5.0,2.0,Passar till aperitifPassar till sällskapsdryck,syrlig öl,berliner weisse,12.060606060606059
2169,strömmingsonen taiheke ipa,bottenvikens bryggeri,sverige,330.0,34.9,7.0,7.0,2.0,Passar till fläskPassar till lammPassar till sällskapsdryck,ale,india pale ale,10.575757575757576
2170,solsting,ödåkra brygghus,sverige,330.0,29.3,6.0,6.0,1.0,Passar till fågelPassar till fläskPassar till grönsakerPassar till sällskapsdryck,ljus lager,internationell stil,8.878787878787879
2171,burnt mill & dugges skog,,storbritannien,440.0,49.9,6.0,8.0,4.0,Passar till grönsakerPassar till lammPassar till nötPassar till sällskapsdryck,ale,india pale ale,11.34090909090909
2172,uerige doppelsticke,,tyskland,330.0,46.9,,,,,ale,altbier,14.212121212121213
2173,connecticut valley,x3 wheat ale,usa,473.0,39.9,,,,,veteöl,hefeweizen,8.435517970401692
2174,la folie,,usa,375.0,109.9,,,,,syrlig öl,flamländsk röd och brun öl,29.30666666666667
2175,friends,pineapple passion sour gose,sverige,330.0,39.9,3.0,5.0,2.0,Passar till sällskapsdryck,syrlig öl,gose och lichtenhainer,12.090909090909092
2176,alskute,ipa,sverige,330.0,28.4,8.0,6.0,1.0,Passar till lammPassar till nötPassar till sällskapsdryck,ale,india pale ale,8.606060606060606
2177,alskute,big island lager,sverige,330.0,24.1,3.0,4.0,1.0,Passar till fiskPassar till skaldjurPassar till sällskapsdryck,ljus lager,internationell stil,7.303030303030303
2178,couloir,svartbergets fjällbryggeri,sverige,330.0,29.7,8.0,7.0,1.0,Passar till sällskapsdryckPassar till fläskPassar till lammPassar till nöt,ale,india pale ale,9.0
2179,smögenbryggar'n,julle,sverige,330.0,24.9,6.0,6.0,2.0,Passar till fågelPassar till fläskPassar till grönsakerPassar till sällskapsdryck,ale,amber ale,7.545454545454546
2180,backabrygd,österlenbryggarna anno 1953,sverige,330.0,23.9,5.0,5.0,1.0,Passar till fiskPassar till fågelPassar till fläskPassar till sällskapsdryck,ljus lager,dortmunder och helles,7.242424242424242
2181,jemtehed & brande,raspberry sour,sverige,330.0,34.0,2.0,4.0,1.0,Passar till aperitifPassar till sällskapsdryck,syrlig öl,berliner weisse,10.303030303030303
2182,137 telge brygghus,india pale ale,sverige,330.0,32.2,8.0,7.0,1.0,Passar till lammPassar till nötPassar till sällskapsdryck,ale,india pale ale,9.757575757575758
2183,gammelbacka chilla,,sverige,330.0,35.7,6.0,7.0,1.0,Passar till lammPassar till nötPassar till sällskapsdryck,porter och stout,,10.818181818181818
2184,helsingborgs,blondie,sverige,330.0,22.9,6.0,7.0,2.0,Passar till fågelPassar till fläskPassar till lammPassar till sällskapsdryck,ale,engelsk pale ale och bitter,6.939393939393939
2185,twisted twin,dipa,sverige,330.0,33.5,7.0,8.0,2.0,Passar till lammPassar till nötPassar till sällskapsdryck,ale,imperial/dubbel ipa,10.151515151515152
2186,strömstad pilsner,,sverige,330.0,19.2,7.0,8.0,1.0,Passar till fläskPassar till lammPassar till nötPassar till sällskapsdryck,ljus lager,pilsner,5.818181818181818
2187,högsommardag,pale ale lockeby,sverige,330.0,30.0,8.0,7.0,2.0,Passar till lammPassar till nötPassar till sällskapsdryck,ale,amerikansk pale ale,9.090909090909092
2188,rosenhill,sunny day session ipa,sverige,330.0,29.9,6.0,5.0,1.0,Passar till fågelPassar till fläskPassar till sällskapsdryck,ale,india pale ale,9.06060606060606
2189,s:t olof,havrestout,sverige,330.0,29.1,6.0,5.0,1.0,Passar till lammPassar till nötPassar till sällskapsdryck,torr porter och stout,,8.818181818181818
2190,skelderwikens sk!pa,,sverige,330.0,27.9,4.0,6.0,3.0,Passar till fågelPassar till fläskPassar till sällskapsdryck,ale,india pale ale,8.454545454545453
2191,belgo wit,,sverige,330.0,35.0,2.0,4.0,1.0,Passar till fiskPassar till fågelPassar till kryddstarktPassar till sällskapsdryck,veteöl,witbier,10.606060606060606
2192,s:t olof,havrestout,sverige,330.0,29.1,6.0,5.0,1.0,Passar till lammPassar till nötPassar till sällskapsdryck,torr porter och stout,,8.818181818181818
2193,used motor oil,south plains brewing company,sverige,330.0,34.0,6.0,8.0,8.0,Passar till dessertPassar till sällskapsdryck,imperial porter och stout,,10.303030303030303
2194,winter island stout,,sverige,330.0,39.9,8.0,8.0,1.0,Passar till sällskapsdryckPassar till lammPassar till nötPassar till vilt,imperial porter och stout,,12.090909090909092
2195,östersunds nya ångbryggeri,vete-öl,sverige,330.0,27.0,3.0,5.0,1.0,Passar till kryddstarktPassar till grönsakerPassar till fågelPassar till sällskapsdryck,veteöl,hefeweizen,8.181818181818182
2196,kvarnen pale ale,,sverige,330.0,32.6,7.0,6.0,1.0,Passar till fläskPassar till lammPassar till nötPassar till sällskapsdryck,ale,amerikansk pale ale,9.878787878787879
2197,prins katt,the eagle session ipa,sverige,330.0,29.9,8.0,5.0,1.0,Passar till lammPassar till nötPassar till sällskapsdryck,ale,session ipa,9.06060606060606
2198,uppsala brygghus,linnaeus ekologisk lager,sverige,330.0,19.9,5.0,5.0,2.0,Passar till fiskPassar till fågelPassar till fläskPassar till sällskapsdryck,ljus lager,dortmunder och helles,6.030303030303029
2199,pleasant pheasant,,sverige,330.0,25.1,6.0,7.0,1.0,Passar till fiskPassar till fågelPassar till fläskPassar till sällskapsdryck,ljus lager,pilsner,7.606060606060606
2200,leksands pilsner,,sverige,330.0,29.9,6.0,6.0,1.0,Passar till fiskPassar till fågelPassar till fläskPassar till sällskapsdryck,ljus lager,pilsner,9.06060606060606
2201,brasstacks,joe & me,sverige,330.0,24.0,5.0,5.0,2.0,Passar till fiskPassar till fågelPassar till fläskPassar till sällskapsdryck,ljus lager,modern stil/india pale lager,7.2727272727272725
2202,exermans bryggeri,vrångöl,sverige,330.0,28.1,6.0,5.0,1.0,Passar till sällskapsdryckPassar till fläskPassar till lamm,ale,golden/blond ale,8.515151515151516
2203,nils oscar celebration,barley wine,sverige,330.0,36.9,6.0,9.0,6.0,Passar till nötPassar till ostPassar till sällskapsdryckPassar till vilt,ale,barley wine,11.181818181818182
2204,pax ceres,,sverige,330.0,26.0,7.0,5.0,1.0,Passar till sällskapsdryckPassar till fågelPassar till fläsk,ale,session ipa,7.878787878787878
2205,mistlur,bryggeriaktiebolaget nya victoria,sverige,330.0,32.1,6.0,7.0,3.0,Passar till grönsakerPassar till fläskPassar till lammPassar till sällskapsdryck,ale,new england ipa/hazy ipa,9.727272727272727
2206,friends,double cherry coffee break,sverige,330.0,39.9,3.0,5.0,2.0,Passar till sällskapsdryck,syrlig öl,berliner weisse,12.090909090909092
2207,fraugruber,heaven hill black barrels series,tyskland,500.0,179.0,,,,,imperial porter och stout,,35.8
2208,the artist,nyköping brewing,sverige,440.0,36.9,6.0,6.0,2.0,Passar till fågelPassar till fläskPassar till grönsakerPassar till sällskapsdryck,ale,new england ipa/hazy ipa,8.386363636363637
2209,xxx,belgian tripel,sverige,330.0,33.6,6.0,7.0,2.0,Passar till lammPassar till nötPassar till sällskapsdryck,ale,trippel,10.181818181818182
2210,to be or not to be?,,sverige,330.0,25.0,6.0,6.0,1.0,Passar till fågelPassar till fläskPassar till grönsakerPassar till sällskapsdryck,ljus lager,modern stil/india pale lager,7.575757575757576
2211,en aleigen brewery,värmebölja,sverige,330.0,31.8,3.0,4.0,1.0,Passar till asiatisktPassar till kryddstarktPassar till fläskPassar till sällskapsdryck,veteöl,witbier,9.636363636363637
2212,hybris,pionjär,sverige,330.0,18.9,5.0,6.0,2.0,Passar till fiskPassar till fågelPassar till skaldjurPassar till sällskapsdryck,ljus lager,modern stil/india pale lager,5.727272727272727
2213,roslagens,gräsklipparöl,sverige,330.0,24.9,6.0,6.0,2.0,Passar till fågelPassar till fläskPassar till grönsakerPassar till sällskapsdryck,ale,golden/blond ale,7.545454545454546
2214,leksands pilsner,,sverige,330.0,29.9,6.0,6.0,1.0,Passar till fiskPassar till fågelPassar till fläskPassar till sällskapsdryck,ljus lager,pilsner,9.06060606060606
2215,brasstacks,joe & me,sverige,330.0,24.0,5.0,5.0,2.0,Passar till fiskPassar till fågelPassar till fläskPassar till sällskapsdryck,ljus lager,modern stil/india pale lager,7.2727272727272725
2216,exermans bryggeri,vrångöl,sverige,330.0,28.1,6.0,5.0,1.0,Passar till sällskapsdryckPassar till fläskPassar till lamm,ale,golden/blond ale,8.515151515151516
2217,kvarnagårdens,krösabira,sverige,330.0,29.9,2.0,5.0,1.0,Passar till fiskPassar till aperitifPassar till sällskapsdryckPassar till skaldjur,annan öl,öl av flera typer/stilar,9.06060606060606
2218,electric nurse lady in red,brewtrade sweden ab,sverige,330.0,34.9,2.0,5.0,2.0,Passar till aperitifPassar till sällskapsdryck,syrlig öl,berliner weisse,10.575757575757576
2219,we all have names,,sverige,440.0,39.6,8.0,7.0,1.0,Passar till lammPassar till nötPassar till sällskapsdryck,ale,india pale ale,9.0
2220,saison de dottignies,,belgien,330.0,28.9,6.0,6.0,1.0,Passar till fågelPassar till fläskPassar till grönsaker,ale,saison,8.757575757575758
2221,pax ceres,,sverige,330.0,26.0,7.0,5.0,1.0,Passar till sällskapsdryckPassar till fågelPassar till fläsk,ale,session ipa,7.878787878787878
2222,amundsen,double apocalypse neipa,norge,330.0,36.9,8.0,8.0,2.0,Passar till sällskapsdryck,ale,new england ipa/hazy ipa,11.181818181818182
2223,chocolate stout,sunds tånge,sverige,330.0,77.9,7.0,10.0,4.0,Passar till nötPassar till lammPassar till viltPassar till sällskapsdryck,imperial porter och stout,,23.60606060606061
2224,chateau du fors,,sverige,330.0,24.9,4.0,7.0,1.0,Passar till sällskapsdryckPassar till fågelPassar till fläsk,ale,belgisk ljus ale,7.545454545454546
2225,stigbergets,batcat,sverige,440.0,36.9,8.0,7.0,2.0,Passar till nötPassar till viltPassar till sällskapsdryck,ale,black ipa,8.386363636363637
2226,emelisse,barrel finished #3,nederländerna,330.0,64.9,7.0,9.0,3.0,Passar till sällskapsdryckPassar till lammPassar till nötPassar till vilt,imperial porter och stout,,19.666666666666668
2227,winter island stout,,sverige,330.0,39.9,8.0,8.0,1.0,Passar till sällskapsdryckPassar till lammPassar till nötPassar till vilt,imperial porter och stout,,12.090909090909092
2228,östersunds nya ångbryggeri,vete-öl,sverige,330.0,27.0,3.0,5.0,1.0,Passar till kryddstarktPassar till grönsakerPassar till fågelPassar till sällskapsdryck,veteöl,hefeweizen,8.181818181818182
2229,kvarnen pale ale,,sverige,330.0,32.6,7.0,6.0,1.0,Passar till fläskPassar till lammPassar till nötPassar till sällskapsdryck,ale,amerikansk pale ale,9.878787878787879
2230,möllys,erotiqa,sverige,330.0,34.9,3.0,4.0,1.0,Passar till aperitifPassar till sällskapsdryck,övrig syrlig öl,,10.575757575757576
2231,borgmästarn,,sverige,330.0,27.5,6.0,6.0,2.0,Passar till fiskPassar till fågelPassar till fläskPassar till sällskapsdryck,ljus lager,modern stil/india pale lager,8.333333333333332
2232,vild jätten,härjebrygg,sverige,330.0,37.8,8.0,8.0,2.0,Passar till lammPassar till nötPassar till sällskapsdryck,ale,india pale ale,11.454545454545453
2233,3 fonteinen,intens rood season 18/19,belgien,375.0,149.0,,,,,syrlig öl,frukt,39.733333333333334
2234,baltic porter,,sverige,330.0,39.9,7.0,7.0,2.0,Passar till nötPassar till viltPassar till sällskapsdryck,imperial porter och stout,,12.090909090909092
2235,svarta vinbär cellar series,,sverige,375.0,98.2,3.0,5.0,1.0,Passar till aperitifPassar till sällskapsdryck,övrig syrlig öl,,26.186666666666667
2236,pangpang mango problem,,sverige,440.0,59.9,6.0,6.0,2.0,Passar till fläskPassar till lammPassar till sällskapsdryck,ale,india pale ale,13.613636363636363
2237,kvarnagårdens bryggeri,utvandraren ipa,sverige,330.0,32.9,6.0,6.0,3.0,Passar till fågelPassar till fläskPassar till sällskapsdryck,ale,india pale ale,9.969696969696969
2238,cuvée de ranke,,belgien,750.0,95.0,,,,,övrig syrlig öl,,12.666666666666668
2239,fermenteriets,pale ale,sverige,330.0,29.9,5.0,6.0,1.0,Passar till fläskPassar till fågelPassar till grönsakerPassar till sällskapsdryck,ale,engelsk pale ale och bitter,9.06060606060606
2240,limhamns pale ale,,sverige,330.0,28.9,7.0,7.0,1.0,Passar till fågelPassar till fläskPassar till sällskapsdryck,ale,amerikansk pale ale,8.757575757575758
2241,gammelbacka,bocköl,sverige,330.0,33.3,7.0,8.0,4.0,Passar till lammPassar till nötPassar till sällskapsdryckPassar till vilt,mörk lager,dubbelbock,10.09090909090909
2242,sad robot,zoë,sverige,330.0,32.0,7.0,9.0,5.0,Passar till nötPassar till sällskapsdryckPassar till vilt,imperial porter och stout,,9.696969696969697
2243,hovfrökens himmelska,brown ale,sverige,330.0,29.6,6.0,7.0,1.0,Passar till lammPassar till nötPassar till sällskapsdryck,ale,brown ale,8.96969696969697
2244,how to highlight ipa,,sverige,330.0,28.9,9.0,7.0,1.0,Passar till lammPassar till nötPassar till sällskapsdryck,ale,india pale ale,8.757575757575758
2245,spisbryggeriets pyttipanna,pyttipanna india pale ale,sverige,330.0,32.0,7.0,5.0,1.0,Passar till lammPassar till nötPassar till sällskapsdryck,ale,india pale ale,9.696969696969697
2246,spisbryggeriets,pil & grim,sverige,330.0,25.0,4.0,6.0,1.0,Passar till fågelPassar till fläskPassar till sällskapsdryck,ale,golden/blond ale,7.575757575757576
2247,neighbours choice,,sverige,330.0,29.0,7.0,8.0,3.0,Passar till nötPassar till lammPassar till sällskapsdryck,ale,new england ipa/hazy ipa,8.787878787878787
2248,uppsala brygghus,very berry,sverige,330.0,26.9,2.0,4.0,1.0,Passar till aperitifPassar till sällskapsdryck,syrlig öl,berliner weisse,8.15151515151515
2249,fermenterarna,miss maplelicious,sverige,330.0,42.9,2.0,4.0,2.0,Passar till sällskapsdryck,övrig syrlig öl,,13.0
2250,cosmoshake,,sverige,330.0,32.9,4.0,4.0,2.0,Passar till sällskapsdryck,övrig syrlig öl,,9.969696969696969
2251,coppersmith's,westerås premium lager,sverige,330.0,21.9,6.0,6.0,1.0,Passar till fläskPassar till lammPassar till nötPassar till sällskapsdryck,ljus lager,dortmunder och helles,6.636363636363636
2252,bottle royale,black ipa,sverige,330.0,28.3,7.0,7.0,1.0,Passar till lammPassar till nötPassar till sällskapsdryckPassar till vilt,ale,black ipa,8.575757575757576
2253,no. 3,pilsner,sverige,330.0,20.3,4.0,4.0,1.0,Passar till fiskPassar till fågelPassar till fläskPassar till sällskapsdryck,ljus lager,pilsner,6.151515151515151
2254,st eriks,glutenfri ipa,sverige,330.0,20.9,7.0,5.0,2.0,Passar till fågelPassar till fläskPassar till sällskapsdryck,ale,india pale ale,6.333333333333332
2255,mälsåker ipa,,sverige,330.0,36.8,8.0,7.0,2.0,Passar till lammPassar till fläskPassar till nötPassar till sällskapsdryck,ale,india pale ale,11.15151515151515
2256,alnö pale ale,,sverige,330.0,28.0,7.0,7.0,1.0,Passar till fläskPassar till lammPassar till sällskapsdryck,ale,amerikansk pale ale,8.484848484848486
2257,hagby,mango session ipa,sverige,330.0,28.9,7.0,6.0,2.0,Passar till sällskapsdryckPassar till fågelPassar till fläsk,ale,session ipa,8.757575757575758
2258,fermenteriets ipa,,sverige,330.0,34.9,7.0,7.0,1.0,Passar till fiskPassar till fågelPassar till fläskPassar till sällskapsdryck,ale,india pale ale,10.575757575757576
2259,blacksta brygghus,ekologisk pilsner,sverige,330.0,33.0,3.0,5.0,2.0,Passar till fiskPassar till fågelPassar till sällskapsdryck,ljus lager,pilsner,10.0
2260,pangpang improvise,,sverige,440.0,49.9,7.0,7.0,3.0,Passar till fläskPassar till lammPassar till sällskapsdryck,ale,india pale ale,11.34090909090909
2261,zzz002,ipa,sverige,250.0,29.9,6.0,7.0,1.0,Passar till sällskapsdryckPassar till lammPassar till nötPassar till grönsaker,ale,new england ipa/hazy ipa,11.959999999999999
2262,omaka,afrodite,sverige,330.0,27.9,3.0,5.0,2.0,Passar till sällskapsdryck,annan öl,öl av flera typer/stilar,8.454545454545453
2263,how soon is now?,akia brygghus,sverige,440.0,42.3,8.0,7.0,3.0,Passar till lammPassar till nötPassar till sällskapsdryck,ale,imperial/dubbel ipa,9.613636363636363
2264,vega,"the holy grail, 2020",sverige,750.0,149.0,5.0,9.0,5.0,Passar till nötPassar till viltPassar till ostPassar till sällskapsdryck,ale,barley wine,19.866666666666667
2265,the try out's ipa,simcoe/moutere,sverige,440.0,44.9,8.0,7.0,1.0,Passar till lammPassar till nötPassar till sällskapsdryck,ale,india pale ale,10.204545454545453
2266,fermenteriets,veteöl,sverige,330.0,29.9,2.0,4.0,2.0,Passar till grönsakerPassar till fågelPassar till kryddstarktPassar till sällskapsdryck,veteöl,hefeweizen,9.06060606060606
2267,old rasputin xxii,rye whiskey barrel aged,usa,500.0,175.9,,,,,imperial porter och stout,,35.18
2268,brewski x freddo fox,polkadot sdh dipa,sverige,330.0,49.9,8.0,8.0,3.0,Passar till sällskapsdryckPassar till lammPassar till nöt,ale,imperial/dubbel ipa,15.121212121212121
2269,foghat,figeholms bryggeri,sverige,330.0,36.4,6.0,6.0,2.0,Passar till fiskPassar till fågelPassar till fläskPassar till sällskapsdryck,ale,new england ipa/hazy ipa,11.030303030303031
2270,nacka erstavik supersaison hallon,,sverige,330.0,58.9,2.0,5.0,1.0,Passar till aperitifPassar till sällskapsdryck,ale,saison,17.848484848484848
2271,amager lardy dardy,dryhopped hazy session ipa,danmark,440.0,44.9,5.0,5.0,1.0,Passar till fiskPassar till fågelPassar till grönsakerPassar till sällskapsdryck,ale,session ipa,10.204545454545453
2272,hemmet,,sverige,330.0,33.9,7.0,7.0,2.0,Passar till lammPassar till nötPassar till sällskapsdryck,ale,india pale ale,10.272727272727272
2273,friends,blueberry cupcake sour,sverige,330.0,37.9,2.0,5.0,2.0,Passar till aperitifPassar till sällskapsdryck,syrlig öl,berliner weisse,11.484848484848484
2274,jul i gruvan,,sverige,330.0,24.9,6.0,6.0,3.0,Passar till fläskPassar till lammPassar till nötPassar till sällskapsdryck,mörk lager,dunkel,7.545454545454546
2275,funkyland,a very sour christmas in sweden,sverige,330.0,26.7,3.0,5.0,1.0,Passar till sällskapsdryck,övrig syrlig öl,,8.09090909090909
2276,sad robot brewing,solaris,sverige,330.0,25.2,7.0,6.0,1.0,Passar till fläskPassar till lammPassar till nötPassar till sällskapsdryck,ale,session ipa,7.636363636363636
2277,hazy afternoon,svartbergets fjällbryggeri,sverige,330.0,28.5,7.0,5.0,1.0,Passar till lammPassar till nötPassar till sällskapsdryckPassar till fläsk,ale,new england ipa/hazy ipa,8.636363636363637
2278,roslagens ljus lager,,sverige,330.0,24.9,6.0,6.0,1.0,Passar till fågelPassar till fläskPassar till grönsakerPassar till sällskapsdryck,ljus lager,dortmunder och helles,7.545454545454546
2279,svartbergets fjällbryggeri,origins,sverige,330.0,25.5,5.0,6.0,2.0,Passar till fiskPassar till sällskapsdryckPassar till skaldjurPassar till grönsaker,ljus lager,dortmunder och helles,7.727272727272727
2280,rekyl,södra veteranöl,sverige,330.0,19.9,7.0,6.0,1.0,Passar till fiskPassar till fågelPassar till fläskPassar till sällskapsdryck,ljus lager,modern stil/india pale lager,6.030303030303029
2281,åsalid,beerfest,sverige,330.0,27.0,5.0,5.0,2.0,Passar till fläskPassar till lammPassar till sällskapsdryck,mellanmörk lager,märzen och wienerstil,8.181818181818182
2282,hugin & munin,svart ipa,sverige,330.0,29.3,7.0,8.0,2.0,Passar till lammPassar till nötPassar till sällskapsdryckPassar till vilt,ale,black ipa,8.878787878787879
2283,åre bryggcompagni,wrecking ball dipa,sverige,330.0,39.4,7.0,8.0,4.0,Passar till lammPassar till nötPassar till sällskapsdryck,ale,imperial/dubbel ipa,11.939393939393938
2284,fenix ipa,strömmarn´s bryggeri,sverige,330.0,36.7,7.0,7.0,2.0,Passar till fläskPassar till lammPassar till sällskapsdryck,ale,india pale ale,11.121212121212123
2285,smith street,ipa [five],sverige,330.0,33.0,7.0,7.0,2.0,Passar till fläskPassar till lammPassar till sällskapsdryck,ale,new england ipa/hazy ipa,10.0
2286,wättle,eklipsen,sverige,330.0,27.0,5.0,6.0,2.0,Passar till lammPassar till nötPassar till sällskapsdryck,torr porter och stout,,8.181818181818182
2287,hop shed,red ipa,sverige,330.0,34.1,6.0,6.0,1.0,Passar till lammPassar till nötPassar till sällskapsdryck,ale,india pale ale,10.333333333333334
2288,le pöl de öl,brasserie fantôme,belgien,750.0,89.9,,,,,ale,saison,11.986666666666668
2289,idlewild,sound city ipa,sverige,330.0,32.2,8.0,9.0,1.0,Passar till lammPassar till nötPassar till sällskapsdryck,ale,india pale ale,9.757575757575758
2290,aros,ljus lager,sverige,330.0,19.9,6.0,6.0,2.0,Passar till fågelPassar till fläskPassar till sällskapsdryck,ljus lager,pilsner,6.030303030303029
2291,råå organic apa,,sverige,330.0,26.2,7.0,8.0,3.0,Passar till lammPassar till nötPassar till sällskapsdryck,ale,amerikansk pale ale,7.9393939393939394
2292,hönö pilsner,hönöbryggeriet,sverige,330.0,25.9,5.0,5.0,1.0,Passar till fiskPassar till skaldjurPassar till sällskapsdryck,ljus lager,pilsner,7.848484848484848
2293,gårdslager,,sverige,330.0,24.9,5.0,5.0,1.0,Passar till fiskPassar till fågelPassar till fläskPassar till sällskapsdryck,ljus lager,modern stil/india pale lager,7.545454545454546
2294,två feta grisar,amarimo,sverige,330.0,28.2,7.0,7.0,3.0,Passar till lammPassar till nötPassar till sällskapsdryck,ale,india pale ale,8.545454545454545
2295,takaberg,,sverige,330.0,39.9,7.0,8.0,6.0,Passar till lammPassar till nötPassar till viltPassar till sällskapsdryck,söt porter och stout,,12.090909090909092
2296,solåkra,american pale ale,sverige,330.0,36.8,7.0,6.0,1.0,Passar till sällskapsdryckPassar till fläskPassar till fågel,ale,amerikansk pale ale,11.15151515151515
2297,gårdslager,,sverige,330.0,24.9,5.0,5.0,1.0,Passar till fiskPassar till fågelPassar till fläskPassar till sällskapsdryck,ljus lager,modern stil/india pale lager,7.545454545454546
2298,idlewild,sound city ipa,sverige,330.0,32.2,8.0,9.0,1.0,Passar till lammPassar till nötPassar till sällskapsdryck,ale,india pale ale,9.757575757575758
2299,aros,ljus lager,sverige,330.0,19.9,6.0,6.0,2.0,Passar till fågelPassar till fläskPassar till sällskapsdryck,ljus lager,pilsner,6.030303030303029
2300,sju brunnars,brown ale extra,sverige,330.0,30.6,6.0,6.0,2.0,Passar till lammPassar till nötPassar till sällskapsdryck,ale,brown ale,9.272727272727273
2301,uno,faråkra hantverksbryggeri,sverige,330.0,24.9,6.0,6.0,1.0,Passar till fiskPassar till fågelPassar till fläskPassar till sällskapsdryck,ljus lager,pilsner,7.545454545454546
2302,moderne lager,,sverige,330.0,35.0,4.0,5.0,2.0,Passar till fiskPassar till fågelPassar till fläskPassar till sällskapsdryck,ljus lager,modern stil/india pale lager,10.606060606060606
2303,pregare,2018,sverige,330.0,29.5,6.0,6.0,1.0,Passar till fiskPassar till fågelPassar till fläskPassar till sällskapsdryck,ljus lager,internationell stil,8.93939393939394
2304,skedemosse gårdsbryggeri,mittland,sverige,330.0,27.9,3.0,5.0,1.0,Passar till fiskPassar till skaldjurPassar till sällskapsdryck,ale,saison,8.454545454545453
2305,två feta grisar,marmelad,sverige,330.0,28.7,7.0,6.0,2.0,Passar till lammPassar till nötPassar till sällskapsdryck,ale,new england ipa/hazy ipa,8.696969696969695
2306,ten hands violetta,hazy ipa,sverige,330.0,39.9,7.0,7.0,3.0,Passar till lammPassar till nötPassar till sällskapsdryck,ale,india pale ale,12.090909090909092
2307,omaka,svartskog,sverige,330.0,29.9,4.0,6.0,2.0,Passar till sällskapsdryck,annan öl,öl av flera typer/stilar,9.06060606060606
2308,omaka,"peppar, peppar",sverige,330.0,25.9,3.0,5.0,1.0,Passar till fågelPassar till fläskPassar till sällskapsdryck,ljus lager,modern stil/india pale lager,7.848484848484848
2309,brooklyn,palenque,usa,750.0,149.0,,,,,övrig syrlig öl,,19.866666666666667
2310,apex,zenith ipa,sverige,440.0,49.9,7.0,8.0,3.0,Passar till lammPassar till nötPassar till sällskapsdryck,ale,india pale ale,11.34090909090909
2311,noll-ät-fem-fem,nyköping brewing,sverige,440.0,32.9,6.0,6.0,1.0,Passar till sällskapsdryckPassar till fläskPassar till lamm,ale,amerikansk pale ale,7.477272727272727
2312,northern,golden ale,sverige,330.0,28.2,6.0,6.0,1.0,Passar till fiskPassar till fågelPassar till fläskPassar till sällskapsdryck,ale,golden/blond ale,8.545454545454545
2313,uppsala brygghus,hopsession,sverige,330.0,26.9,8.0,6.0,1.0,Passar till lammPassar till nötPassar till sällskapsdryck,ale,session ipa,8.15151515151515
2314,auren sparkling ale,,sverige,330.0,26.0,4.0,5.0,1.0,Passar till fläskPassar till fågelPassar till sällskapsdryck,ale,engelsk pale ale och bitter,7.878787878787878
2315,strömmarn´s,neipa -  new england ipa,sverige,330.0,29.4,6.0,7.0,2.0,Passar till fläskPassar till lammPassar till sällskapsdryck,ale,new england ipa/hazy ipa,8.909090909090908
2316,strömmarn´s,batch nr.1 - en lager,sverige,330.0,29.3,5.0,6.0,2.0,Passar till fiskPassar till fläskPassar till fågelPassar till sällskapsdryck,ljus lager,modern stil/india pale lager,8.878787878787879
2317,brooklyn,palenque,usa,750.0,149.0,,,,,övrig syrlig öl,,19.866666666666667
2318,above the clouds,svartbergets fjällbryggeri,sverige,330.0,46.7,7.0,8.0,3.0,Passar till lammPassar till nötPassar till sällskapsdryck,ale,new england ipa/hazy ipa,14.15151515151515
2319,hop notch,boot print,sverige,440.0,42.9,7.0,7.0,5.0,Passar till lammPassar till nötPassar till sällskapsdryck,ale,new england ipa/hazy ipa,9.75
2320,brewski,rhubarb pie,sverige,330.0,47.9,2.0,5.0,1.0,Passar till aperitifPassar till sällskapsdryck,syrlig öl,berliner weisse,14.515151515151514
2321,community beer pilsner,community beer pilsner,sverige,330.0,25.9,6.0,6.0,1.0,Passar till fläskPassar till fågelPassar till sällskapsdryckPassar till grönsaker,ljus lager,pilsner,7.848484848484848
2322,o/o long boil barley wine,2019,sverige,330.0,69.9,5.0,10.0,9.0,Passar till ostPassar till sällskapsdryck,ale,barley wine,21.181818181818183
2323,rnb,pentavägen #2,sverige,330.0,65.0,7.0,8.0,4.0,Passar till nötPassar till viltPassar till sällskapsdryck,imperial porter och stout,,19.696969696969695
2324,poppels bryggeri,glögg sour,sverige,330.0,39.3,2.0,5.0,2.0,Passar till sällskapsdryck,syrlig öl,berliner weisse,11.909090909090908
2325,omaka akaipa,,sverige,330.0,24.9,6.0,7.0,3.0,Passar till lammPassar till nötPassar till sällskapsdryck,ale,india pale ale,7.545454545454546
2326,amager,kilo king of cuddles ipa,danmark,440.0,46.9,8.0,7.0,3.0,Passar till lammPassar till nötPassar till sällskapsdryck,ale,india pale ale,10.659090909090908
2327,kompaniets pilsner,trosa ölkompani,sverige,330.0,24.8,6.0,6.0,2.0,Passar till fläskPassar till lammPassar till nöt,ljus lager,pilsner,7.515151515151515
2328,weiss,viken bryggeri,sverige,330.0,29.2,4.0,6.0,2.0,Passar till sällskapsdryckPassar till fågelPassar till fläsk,veteöl,hefeweizen,8.848484848484848
2329,kapare,dubbel ipa,sverige,330.0,32.5,8.0,8.0,4.0,Passar till lammPassar till nötPassar till sällskapsdryck,ale,imperial/dubbel ipa,9.848484848484848
2330,oud beersel,oude faro,belgien,3100.0,389.0,,,,,syrlig öl,faro,12.548387096774194
2331,cosmic noise,ipa,sverige,330.0,32.2,8.0,7.0,2.0,Passar till lammPassar till nötPassar till sällskapsdryck,ale,india pale ale,9.757575757575758
2332,älska,majornas bryggeri,sverige,330.0,28.0,7.0,6.0,1.0,Passar till fläskPassar till lammPassar till sällskapsdryck,ale,session ipa,8.484848484848486
2333,västkustsk lager,,sverige,330.0,26.0,4.0,5.0,2.0,Passar till fiskPassar till fläskPassar till grönsakerPassar till sällskapsdryck,ljus lager,pilsner,7.878787878787878
2334,get lucky,potum brewery,sverige,330.0,30.1,7.0,6.0,2.0,Passar till lammPassar till nötPassar till sällskapsdryck,ljus lager,modern stil/india pale lager,9.121212121212121
2335,jemtehed & brande,barbalibrarian blonde,sverige,330.0,29.7,4.0,6.0,3.0,Passar till fågelPassar till fläskPassar till sällskapsdryck,ale,belgisk ljus ale,9.0
2336,exermans bryggeri,lotsutkikens stilla ale,sverige,330.0,26.7,4.0,5.0,2.0,Passar till fågelPassar till fläskPassar till sällskapsdryckPassar till grönsaker,ale,golden/blond ale,8.09090909090909
2337,länna bruk dryckeshandel,nr 3 hallon körsbär,sverige,375.0,59.0,2.0,4.0,1.0,Passar till aperitifPassar till sällskapsdryck,övrig syrlig öl,,15.733333333333333
2338,nyköping brewing [au] some ale,nyköping brewing,sverige,440.0,28.9,5.0,5.0,2.0,Passar till fiskPassar till fågelPassar till grönsakerPassar till sällskapsdryck,ale,golden/blond ale,6.5681818181818175
2339,aleigen brewery,i want to believe pale ale,sverige,330.0,32.4,5.0,6.0,1.0,Passar till fågelPassar till fläskPassar till grönsakerPassar till sällskapsdryck,ale,engelsk pale ale och bitter,9.818181818181818
2340,gran,bakgårdens lilla pikobryggeri,sverige,330.0,36.8,5.0,5.0,1.0,Passar till fläskPassar till lammPassar till sällskapsdryck,ale,amerikansk pale ale,11.15151515151515
2341,pina-collab-ada,,sverige,330.0,28.7,2.0,4.0,3.0,Passar till sällskapsdryck,övrig syrlig öl,,8.696969696969695
2342,korsta pilsner,alnöl ab,sverige,330.0,28.9,5.0,5.0,2.0,Passar till fiskPassar till fågelPassar till fläskPassar till sällskapsdryck,ljus lager,pilsner,8.757575757575758
2343,brewski,doge ipa,sverige,330.0,39.9,5.0,7.0,4.0,Passar till fågelPassar till fläskPassar till grönsakerPassar till sällskapsdryck,ale,india pale ale,12.090909090909092
2344,gammelbacka,bryggd i karlskoga,sverige,330.0,25.9,6.0,6.0,2.0,Passar till lammPassar till nötPassar till sällskapsdryck,,,7.848484848484848
2345,en mörk jävel,,sverige,330.0,30.0,5.0,8.0,2.0,Passar till lammPassar till nötPassar till sällskapsdryckPassar till vilt,torr porter och stout,,9.090909090909092
2346,eklöws ljusa,,sverige,330.0,36.6,6.0,6.0,2.0,Passar till fågelPassar till fläskPassar till lammPassar till sällskapsdryck,ale,amerikansk pale ale,11.090909090909092
2347,grästorps,ale,sverige,330.0,28.1,5.0,6.0,1.0,Passar till fågelPassar till fläskPassar till lammPassar till sällskapsdryck,ale,golden/blond ale,8.515151515151516
2348,waxholm,premium lager,sverige,500.0,28.8,4.0,5.0,2.0,Passar till fiskPassar till fågelPassar till fläskPassar till sällskapsdryck,ljus lager,pilsner,5.76
2349,borstahusen lager,,sverige,330.0,25.5,6.0,6.0,1.0,Passar till fiskPassar till fågelPassar till fläskPassar till sällskapsdryck,ljus lager,modern stil/india pale lager,7.727272727272727
2350,suröl,,sverige,330.0,28.7,3.0,4.0,1.0,Passar till fågelPassar till fläskPassar till sällskapsdryck,övrig syrlig öl,,8.696969696969695
2351,red zeppelin,red ale,sverige,330.0,31.6,6.0,7.0,2.0,Passar till lammPassar till nötPassar till sällskapsdryck,ale,amber ale,9.575757575757576
2352,zone zero imperial ipa,,sverige,330.0,40.9,8.0,7.0,1.0,Passar till lammPassar till nötPassar till sällskapsdryck,ale,imperial/dubbel ipa,12.393939393939393
2353,hernö,"stoned ipa, 2018",sverige,330.0,30.1,8.0,7.0,2.0,Passar till lammPassar till nötPassar till sällskapsdryck,ale,india pale ale,9.121212121212121
2354,daniela's rakija stout,imperial stout,sverige,330.0,39.9,8.0,8.0,6.0,Passar till dessertPassar till sällskapsdryck,imperial porter och stout,,12.090909090909092
2355,barlingbo bryggeri,helgedomen,sverige,700.0,99.0,5.0,9.0,3.0,Passar till lammPassar till nötPassar till sällskapsdryckPassar till vilt,ale,belgisk mörk ale,14.142857142857142
2356,forssa röd,,sverige,330.0,32.7,5.0,4.0,3.0,Passar till fågelPassar till fläskPassar till sällskapsdryck,ale,irländsk ale,9.90909090909091
2357,åre bryggcompagni,lekatt grisette,sverige,330.0,29.9,3.0,4.0,2.0,Passar till fågelPassar till fläskPassar till sällskapsdryck,ale,belgisk ljus ale,9.06060606060606
2358,hellas apa,,sverige,330.0,27.9,7.0,5.0,2.0,Passar till fläskPassar till lammPassar till nötPassar till sällskapsdryck,ale,amerikansk pale ale,8.454545454545453
2359,hopplärka 2.0 ipa,,sverige,330.0,32.9,4.0,5.0,3.0,Passar till lammPassar till nötPassar till sällskapsdryck,ale,india pale ale,9.969696969696969
2360,idlewild,ivar export lager,sverige,330.0,26.6,6.0,5.0,3.0,Passar till fiskPassar till fågelPassar till fläskPassar till sällskapsdryck,ljus lager,modern stil/india pale lager,8.06060606060606
2361,esplanad,sahara,sverige,500.0,40.6,6.0,6.0,1.0,Passar till lammPassar till fläskPassar till sällskapsdryck,ale,golden/blond ale,8.120000000000001
2362,roslagens,rospigg lager,sverige,330.0,24.9,5.0,5.0,1.0,Passar till fiskPassar till fågelPassar till sällskapsdryckPassar till fläsk,ljus lager,pilsner,7.545454545454546
2363,mohawk,lilla london,sverige,330.0,31.9,6.0,6.0,2.0,Passar till lammPassar till nötPassar till viltPassar till sällskapsdryck,torr porter och stout,,9.666666666666666
2364,klackabacken påsköl,,sverige,330.0,26.9,5.0,6.0,2.0,Passar till sällskapsdryckPassar till fläskPassar till lamm,ale,brown ale,8.15151515151515
2365,omaka mamma,,sverige,330.0,21.9,6.0,6.0,1.0,Passar till fiskPassar till fågelPassar till grönsakerPassar till sällskapsdryck,,,6.636363636363636
2366,winter mess,,belgien,330.0,37.9,,,,,ale,belgisk mörk ale,11.484848484848484
2367,taras boulba,,belgien,330.0,25.0,9.0,5.0,3.0,Passar till lammPassar till nötPassar till sällskapsdryck,ale,belgisk ljus ale,7.575757575757576
2368,prophet,tempel brygghus,sverige,330.0,19.4,6.0,6.0,1.0,Passar till sällskapsdryckPassar till fiskPassar till fågelPassar till fläsk,ljus lager,modern stil/india pale lager,5.878787878787879
2369,brunch ipa,double dry hopped mango,sverige,330.0,39.9,7.0,8.0,5.0,Passar till sällskapsdryck,ale,imperial/dubbel ipa,12.090909090909092
2370,nils oscar,bock to basics,sverige,330.0,28.9,6.0,7.0,3.0,Passar till lammPassar till nötPassar till viltPassar till sällskapsdryck,mörk lager,dubbelbock,8.757575757575758
2371,morgondagens deadhead,,sverige,330.0,38.9,2.0,4.0,1.0,Passar till aperitifPassar till sällskapsdryck,syrlig öl,berliner weisse,11.787878787878787
2372,the burner,,sverige,330.0,37.9,1.0,5.0,2.0,Passar till aperitifPassar till sällskapsdryck,syrlig öl,berliner weisse,11.484848484848484
2373,apex,replicant dipa,sverige,440.0,54.9,6.0,6.0,3.0,Passar till sällskapsdryckPassar till fågelPassar till fläsk,ale,imperial/dubbel ipa,12.477272727272727
2374,black like my soul ipa,,sverige,330.0,29.5,8.0,6.0,1.0,Passar till sällskapsdryckPassar till lammPassar till nöt,ale,black ipa,8.93939393939394
2375,majornas citra,,sverige,330.0,29.9,8.0,7.0,2.0,Passar till lammPassar till nötPassar till sällskapsdryck,ale,amerikansk pale ale,9.06060606060606
2376,sequin sparkling raspberry macaroon,omnipollo ab,belgien,375.0,59.9,2.0,5.0,1.0,Passar till aperitifPassar till sällskapsdryck,övrig syrlig öl,,15.973333333333334
2377,pussen,,sverige,330.0,31.9,2.0,4.0,1.0,Passar till aperitifPassar till sällskapsdryck,syrlig öl,berliner weisse,9.666666666666666
2378,northern exposure,meadow - session ipa,sverige,440.0,36.6,6.0,6.0,2.0,Passar till fågelPassar till fläskPassar till sällskapsdryck,ale,session ipa,8.318181818181818
2379,wättle rendez-vous,,sverige,330.0,27.0,3.0,5.0,1.0,Passar till asiatisktPassar till fiskPassar till fågelPassar till sällskapsdryck,ale,saison,8.181818181818182
2380,wättle bjudningen,,sverige,330.0,29.0,6.0,6.0,1.0,Passar till fläskPassar till lammPassar till sällskapsdryck,ale,amerikansk pale ale,8.787878787878787
2381,duckpond topolino,,sverige,440.0,46.9,2.0,5.0,1.0,Passar till aperitifPassar till sällskapsdryck,syrlig öl,berliner weisse,10.659090909090908
2382,hyllipan ipa,,sverige,330.0,33.5,9.0,7.0,1.0,Passar till lammPassar till nötPassar till sällskapsdryck,ale,india pale ale,10.151515151515152
2383,granshult,,sverige,330.0,39.9,6.0,7.0,2.0,Passar till fågelPassar till fläskPassar till grönsakerPassar till sällskapsdryck,ale,india pale ale,12.090909090909092
2384,ölbryggeriet,svensk sommar ipa,sverige,330.0,33.9,7.0,7.0,2.0,Passar till fläskPassar till lammPassar till sällskapsdryck,ale,india pale ale,10.272727272727272
2385,leufsta,ipa,sverige,330.0,25.4,7.0,6.0,2.0,Passar till fläskPassar till lammPassar till nöt,ale,india pale ale,7.696969696969696
2386,black (k)night ipa,vreta kloster bryggeri,sverige,330.0,39.9,6.0,8.0,3.0,Passar till grönsakerPassar till lammPassar till nötPassar till sällskapsdryck,ale,black ipa,12.090909090909092
2387,old iron bastard,spike brewery ab,sverige,440.0,38.0,7.0,8.0,4.0,Passar till sällskapsdryckPassar till lammPassar till nötPassar till vilt,ale,strong ale,8.636363636363637
2388,verkligen stout,,sverige,330.0,31.0,7.0,7.0,2.0,Passar till lammPassar till nötPassar till viltPassar till sällskapsdryck,torr porter och stout,,9.393939393939393
2389,wijnberg,,belgien,750.0,103.0,,,,,syrlig öl,flamländsk röd och brun öl,13.733333333333334
2390,vetekung,fulltofta gårdsbryggeri,sverige,330.0,25.9,3.0,4.0,2.0,Passar till fågelPassar till fläskPassar till sällskapsdryck,veteöl,hefeweizen,7.848484848484848
2391,nerdbrewing,override imperial chocolate milkshake stout coconut edition,sverige,330.0,79.9,7.0,10.0,10.0,Passar till dessertPassar till sällskapsdryck,imperial porter och stout,,24.21212121212121
2392,oskar blues brewery,ba21 volume 5 barrel-aged imperial stout,usa,355.0,71.9,,,,,imperial porter och stout,,20.253521126760564
2393,northern ipa,northern brewers,sverige,330.0,28.1,7.0,6.0,1.0,Passar till fläskPassar till lammPassar till sällskapsdryck,ale,india pale ale,8.515151515151516
2394,nils oscar,scotch ale,sverige,330.0,28.9,6.0,8.0,3.0,Passar till lammPassar till nötPassar till sällskapsdryck,ale,skotsk ale,8.757575757575758
2395,leufsta blonde,,sverige,330.0,26.2,4.0,6.0,2.0,Passar till aperitifPassar till fågelPassar till grönsakerPassar till lamm,ale,belgisk ljus ale,7.9393939393939394
2396,leufsta ipa,,sverige,330.0,25.4,7.0,6.0,2.0,Passar till fläskPassar till lammPassar till nöt,ale,india pale ale,7.696969696969696
2397,funkyland,sour blueberry,sverige,330.0,26.8,2.0,3.0,1.0,Passar till aperitifPassar till sällskapsdryck,övrig syrlig öl,,8.121212121212121
2398,fenix,pale ale,sverige,330.0,27.0,7.0,7.0,2.0,Passar till lammPassar till nötPassar till sällskapsdryck,ale,amerikansk pale ale,8.181818181818182
2399,flying dog,snake dog ipa,usa,355.0,24.9,8.0,7.0,1.0,Passar till lammPassar till nötPassar till sällskapsdryck,ale,india pale ale,7.014084507042254
2400,södra snake city dipa,,sverige,330.0,34.9,7.0,5.0,4.0,Passar till sällskapsdryckPassar till lammPassar till nöt,ale,imperial/dubbel ipa,10.575757575757576
2401,funk hammer,,storbritannien,330.0,54.9,8.0,8.0,2.0,Passar till lammPassar till nötPassar till sällskapsdryck,ale,imperial/dubbel ipa,16.636363636363637
2402,smedby ipa,,sverige,330.0,31.9,7.0,7.0,2.0,Passar till lammPassar till nötPassar till sällskapsdryck,ale,india pale ale,9.666666666666666
2403,uppsala nya lager,,sverige,330.0,22.9,4.0,5.0,2.0,Passar till fiskPassar till fågelPassar till sällskapsdryckPassar till fläsk,ljus lager,pilsner,6.939393939393939
2404,gammelbacka porter,,sverige,330.0,27.8,6.0,8.0,6.0,Passar till lammPassar till nötPassar till viltPassar till sällskapsdryck,söt porter och stout,,8.424242424242424
2405,true love,,sverige,330.0,28.4,6.0,7.0,2.0,Passar till fågelPassar till fläskPassar till sällskapsdryck,ale,amerikansk pale ale,8.606060606060606
2406,nacka wit ingefära,,sverige,330.0,29.9,3.0,4.0,1.0,Passar till sällskapsdryckPassar till fiskPassar till fläskPassar till asiatiskt,veteöl,övrig veteöl,9.06060606060606
2407,umeå twin ipa,,sverige,330.0,28.2,8.0,7.0,2.0,Passar till lammPassar till nötPassar till sällskapsdryck,ale,india pale ale,8.545454545454545
2408,lusaskens brown ale,,sverige,330.0,19.9,8.0,6.0,1.0,Passar till lammPassar till nötPassar till sällskapsdryck,ale,brown ale,6.030303030303029
2409,öde stout,,sverige,330.0,29.9,7.0,6.0,1.0,Passar till nötPassar till lammPassar till viltPassar till sällskapsdryck,torr porter och stout,,9.06060606060606
2410,de vos,belgisk öl,sverige,330.0,28.4,4.0,5.0,2.0,Passar till fågelPassar till fläskPassar till sällskapsdryck,veteöl,witbier,8.606060606060606
2411,the preacher,,sverige,330.0,39.9,7.0,8.0,2.0,Passar till nötPassar till viltPassar till sällskapsdryck,imperial porter och stout,,12.090909090909092
2412,hopsie daisy,"de la ger 5,6",sverige,330.0,24.9,6.0,6.0,1.0,Passar till fiskPassar till fågelPassar till fläskPassar till sällskapsdryck,ljus lager,modern stil/india pale lager,7.545454545454546
2413,humlebomb,citra trippel ipa,sverige,330.0,39.5,7.0,8.0,6.0,Passar till lammPassar till nötPassar till sällskapsdryck,ale,imperial/dubbel ipa,11.969696969696969
2414,lager,,sverige,330.0,21.8,6.0,6.0,1.0,Passar till fågelPassar till fläskPassar till lammPassar till sällskapsdryck,,,6.606060606060607
2415,anno 1621,ljus ale,sverige,330.0,19.1,5.0,5.0,1.0,Passar till fågelPassar till fläskPassar till sällskapsdryck,,,5.787878787878788
2416,light & delicious,wet whistle brewery,sverige,330.0,28.0,9.0,6.0,1.0,Passar till lammPassar till nötPassar till sällskapsdryck,ale,amerikansk pale ale,8.484848484848486
2417,lazy neipa,,sverige,330.0,35.5,5.0,7.0,4.0,Passar till fågelPassar till fläskPassar till sällskapsdryck,ale,new england ipa/hazy ipa,10.757575757575758
2418,umeå lager,u and me beer ab,sverige,330.0,28.4,5.0,5.0,2.0,Passar till fågelPassar till fläsk,ljus lager,internationell stil,8.606060606060606
2419,brewify,red ipa,sverige,330.0,28.4,7.0,7.0,1.0,Passar till lammPassar till nötPassar till sällskapsdryck,ale,imperial/dubbel ipa,8.606060606060606
2420,goose island,,usa,355.0,19.9,8.0,6.0,1.0,Passar till fläskPassar till lammPassar till sällskapsdryck,ale,india pale ale,5.605633802816901
2421,caliban,,sverige,330.0,28.0,8.0,6.0,2.0,Passar till fågelPassar till fläskPassar till lammPassar till sällskapsdryck,ale,amerikansk pale ale,8.484848484848486
2422,sörhaga,,sverige,500.0,33.1,8.0,8.0,2.0,Passar till lammPassar till nötPassar till sällskapsdryck,ale,india pale ale,6.620000000000001
2423,amazed by beerium,beerium kraftölsbryggeri ab,sverige,330.0,32.4,6.0,7.0,2.0,Passar till sällskapsdryckPassar till fläskPassar till lamm,ale,amerikansk pale ale,9.818181818181818
2424,margaripa,,sverige,330.0,26.9,7.0,6.0,3.0,Passar till fågelPassar till fläskPassar till sällskapsdryck,ale,india pale ale,8.15151515151515
2425,majornas kaparkung,,sverige,330.0,29.9,8.0,7.0,3.0,Passar till fläskPassar till nötPassar till sällskapsdryck,ale,india pale ale,9.06060606060606
2426,ten hands,double dry hopped caterpillar,sverige,330.0,44.9,7.0,8.0,1.0,Passar till sällskapsdryckPassar till fågelPassar till fläsk,ale,imperial/dubbel ipa,13.606060606060606
2427,södra apple crumble pie dipa,södra maltfabriken ab,sverige,440.0,43.9,8.0,7.0,3.0,Passar till sällskapsdryck,ale,imperial/dubbel ipa,9.977272727272727
2428,o/o näktar,dipa,sverige,440.0,59.9,8.0,9.0,4.0,Passar till lammPassar till nötPassar till sällskapsdryck,ale,imperial/dubbel ipa,13.613636363636363
2429,apex,broken arrow ipa,sverige,440.0,49.9,7.0,7.0,3.0,Passar till lammPassar till nötPassar till sällskapsdryck,ale,india pale ale,11.34090909090909
2430,northern exposure,transatlantic - imp coffee stout,sverige,440.0,59.9,6.0,9.0,6.0,Passar till nötPassar till viltPassar till sällskapsdryck,imperial porter och stout,,13.613636363636363
2431,västkustsk,american pale ale,sverige,330.0,28.1,7.0,7.0,2.0,Passar till sällskapsdryckPassar till fågelPassar till fläskPassar till lamm,ale,amerikansk pale ale,8.515151515151516
2432,collective arts,good monster new england dipa,kanada,473.0,37.9,5.0,8.0,4.0,Passar till fläskPassar till lammPassar till sällskapsdryck,ale,imperial/dubbel ipa,8.012684989429175
2433,geflebockens bryggeri,easy bock,sverige,330.0,22.9,6.0,5.0,2.0,Passar till lammPassar till fläskPassar till sällskapsdryck,ljus lager,internationell stil,6.939393939393939
2434,brewing költur,hoptimistic forecast pale ale,sverige,330.0,29.9,7.0,6.0,1.0,Passar till fläskPassar till lammPassar till sällskapsdryck,ale,amerikansk pale ale,9.06060606060606
2435,skelderwikens citrus lager,,sverige,330.0,24.6,4.0,4.0,2.0,Passar till fiskPassar till fågelPassar till skaldjurPassar till sällskapsdryck,ljus lager,modern stil/india pale lager,7.454545454545455
2436,roslagens brygghus,kantarell bièr de garde,sverige,330.0,29.9,4.0,7.0,3.0,Passar till lammPassar till nötPassar till sällskapsdryck,ale,bière de garde,9.06060606060606
2437,åhus cipa,citrus ipa,sverige,330.0,29.9,8.0,7.0,2.0,Passar till lammPassar till nötPassar till sällskapsdryck,ale,india pale ale,9.06060606060606
2438,sierra nevada celebration ale,2020,usa,355.0,30.0,8.0,7.0,2.0,Passar till sällskapsdryckPassar till lammPassar till nöt,ale,india pale ale,8.450704225352112
2439,ten hands splice,ten hands brewing,sverige,330.0,39.9,7.0,7.0,2.0,Passar till lammPassar till nötPassar till sällskapsdryck,ale,new england ipa/hazy ipa,12.090909090909092
2440,mariatorgets mikrobryggeri,melera 1,sverige,330.0,49.9,3.0,5.0,1.0,Passar till sällskapsdryck,övrig syrlig öl,,15.121212121212121
2441,mjs bryggeri,dubbel morris,sverige,330.0,32.5,8.0,8.0,2.0,Passar till lammPassar till nötPassar till sällskapsdryck,ale,imperial/dubbel ipa,9.848484848484848
2442,adelsö,red house ale,sverige,330.0,29.9,7.0,7.0,1.0,Passar till lammPassar till nötPassar till sällskapsdryck,ale,strong ale,9.06060606060606
2443,graffitisthlm,klive #5,sverige,440.0,44.9,7.0,7.0,2.0,Passar till lammPassar till nötPassar till sällskapsdryck,ale,india pale ale,10.204545454545453
2444,frigg ipa,keane brewing,sverige,330.0,29.9,7.0,6.0,2.0,Passar till fläskPassar till lammPassar till sällskapsdryck,ale,india pale ale,9.06060606060606
2445,alnöl,myggan,sverige,330.0,39.9,7.0,10.0,3.0,Passar till nötPassar till viltPassar till sällskapsdryck,imperial porter och stout,,12.090909090909092
2446,snörsjö hantverksbryggeri,tundra,sverige,330.0,24.9,7.0,7.0,2.0,Passar till lammPassar till nötPassar till sällskapsdryck,ljus lager,modern stil/india pale lager,7.545454545454546
2447,the try out's saison,noble dry hopped,sverige,440.0,39.9,4.0,7.0,4.0,Passar till fågelPassar till grönsakerPassar till kryddstarktPassar till sällskapsdryck,ale,saison,9.068181818181818
2448,proof,coconut beasties ba,usa,355.0,59.9,,,,,imperial porter och stout,,16.87323943661972
2449,yatahaze,,frankrike,440.0,56.9,8.0,9.0,5.0,Passar till lammPassar till nötPassar till sällskapsdryckPassar till vilt,ale,imperial/dubbel ipa,12.93181818181818
2450,gris,,danmark,330.0,56.0,3.0,5.0,2.0,Passar till fågelPassar till fläskPassar till sällskapsdryck,ale,saison,16.969696969696972
2451,beerbliotek,amazing maize,sverige,330.0,19.9,3.0,4.0,2.0,Passar till fiskPassar till grönsakerPassar till kryddstarktPassar till skaldjur,ljus lager,internationell stil,6.030303030303029
2452,friends,blackcurrant cupcake,sverige,330.0,37.9,2.0,5.0,1.0,Passar till aperitifPassar till sällskapsdryck,syrlig öl,berliner weisse,11.484848484848484
2453,zzz001,neipa,sverige,250.0,29.9,6.0,6.0,3.0,Passar till fågelPassar till fläskPassar till grönsakerPassar till sällskapsdryck,ale,new england ipa/hazy ipa,11.959999999999999
2454,illbatting,impaled,sverige,330.0,49.9,6.0,8.0,8.0,Passar till dessertPassar till sällskapsdryck,imperial porter och stout,,15.121212121212121
2455,stallarholmens,oktoberfestival,sverige,330.0,26.9,6.0,6.0,2.0,Passar till fågelPassar till fläskPassar till grönsakerPassar till sällskapsdryck,mellanmörk lager,märzen och wienerstil,8.15151515151515
2456,friends,tropical raspberry smoojee,sverige,330.0,39.9,2.0,4.0,3.0,Passar till sällskapsdryck,syrlig öl,gose och lichtenhainer,12.090909090909092
2457,geflebockens,oktoberfest,sverige,330.0,25.9,6.0,6.0,1.0,Passar till fågelPassar till fläskPassar till grönsakerPassar till sällskapsdryck,ljus lager,modern stil/india pale lager,7.848484848484848
2458,gammelbacka,brown ale,sverige,330.0,27.5,6.0,6.0,2.0,Passar till sällskapsdryckPassar till lammPassar till nöt,ale,brown ale,8.333333333333332
2459,velvet raven,oatmeal stout,sverige,330.0,26.1,7.0,7.0,1.0,Passar till lammPassar till nötPassar till sällskapsdryck,torr porter och stout,,7.90909090909091
2460,leo beer,,thailand,330.0,13.9,3.0,4.0,2.0,Passar till fiskPassar till fågelPassar till sällskapsdryckPassar till skaldjur,ljus lager,internationell stil,4.212121212121212
2461,charta 77s punköl,,sverige,500.0,34.5,7.0,7.0,2.0,Passar till fläskPassar till lammPassar till nötPassar till sällskapsdryck,ale,engelsk pale ale och bitter,6.9
2462,figeholmspilsner,figeholms bryggeri ab,sverige,330.0,31.1,5.0,5.0,2.0,Passar till fågelPassar till fläskPassar till sällskapsdryck,ljus lager,pilsner,9.424242424242426
2463,meet old man witty and snowman witti,,sverige,330.0,23.8,3.0,4.0,1.0,Passar till asiatisktPassar till fågelPassar till fläskPassar till sällskapsdryck,veteöl,witbier,7.212121212121213
2464,stallhagen,pale ale,finland,330.0,22.9,8.0,6.0,2.0,Passar till lammPassar till nötPassar till sällskapsdryck,ale,amerikansk pale ale,6.939393939393939
2465,amager wookie ipa,,danmark,330.0,36.9,,,,,ale,india pale ale,11.181818181818182
2466,dipa hafstens udde,,sverige,330.0,44.0,8.0,7.0,3.0,Passar till lammPassar till nötPassar till sällskapsdryck,ale,imperial/dubbel ipa,13.333333333333334
2467,killinghammar new england ipa,,sverige,330.0,32.9,8.0,5.0,1.0,Passar till fläskPassar till lammPassar till sällskapsdryck,ale,new england ipa/hazy ipa,9.969696969696969
2468,saltsjö lager,,sverige,330.0,24.9,5.0,5.0,2.0,Passar till fågelPassar till fläsk,ljus lager,internationell stil,7.545454545454546
2469,abbaye d'aulne,christmas triple ale,belgien,330.0,25.9,5.0,7.0,4.0,Passar till grönsakerPassar till lammPassar till nötPassar till sällskapsdryck,ale,trippel,7.848484848484848
2470,älvsby påsköl,nyckelbryggerier,sverige,330.0,23.0,6.0,7.0,2.0,Passar till sällskapsdryckPassar till lammPassar till nötPassar till fläsk,ale,amerikansk pale ale,6.969696969696971
2471,arvika bryggeri,lager,sverige,330.0,26.6,4.0,4.0,2.0,Passar till fiskPassar till fågelPassar till fläskPassar till sällskapsdryck,ljus lager,pilsner,8.06060606060606
2472,esplanad vete,hops n' leon of skaraborg,sverige,500.0,41.0,4.0,5.0,1.0,Passar till fiskPassar till fågelPassar till fläskPassar till sällskapsdryck,veteöl,hefeweizen,8.200000000000001
2473,idlewild,future proof imperial ipa,sverige,330.0,40.0,8.0,8.0,3.0,Passar till lammPassar till nötPassar till sällskapsdryck,ale,imperial/dubbel ipa,12.121212121212121
2474,fermenteriet,dubbel ipa,sverige,330.0,39.8,8.0,7.0,3.0,Passar till lammPassar till nötPassar till viltPassar till sällskapsdryck,ale,imperial/dubbel ipa,12.060606060606059
2475,blåbergen,skogsipa,sverige,330.0,33.8,6.0,7.0,2.0,Passar till lammPassar till nötPassar till sällskapsdryck,ale,india pale ale,10.242424242424242
2476,umeå pilsner,,sverige,330.0,19.0,6.0,6.0,2.0,Passar till fågelPassar till fläskPassar till fiskPassar till sällskapsdryck,ljus lager,pilsner,5.757575757575758
2477,strömmarn´s,lager,sverige,330.0,21.5,4.0,4.0,1.0,Passar till fiskPassar till skaldjurPassar till sällskapsdryck,ljus lager,modern stil/india pale lager,6.515151515151516
2478,pale penny,apa,sverige,330.0,31.7,7.0,6.0,2.0,Passar till fläskPassar till lammPassar till nötPassar till sällskapsdryck,ale,amerikansk pale ale,9.606060606060606
2479,to øl,city session ipa,danmark,440.0,28.9,4.0,5.0,1.0,Passar till fiskPassar till skaldjurPassar till sällskapsdryck,ale,session ipa,6.5681818181818175
2480,fermenterarna,blablabla,sverige,330.0,39.9,2.0,5.0,2.0,Passar till aperitifPassar till sällskapsdryck,övrig syrlig öl,,12.090909090909092
2481,rocket brewing company,carrot & hops,sverige,330.0,39.9,6.0,6.0,1.0,Passar till sällskapsdryckPassar till fågelPassar till fläskPassar till grönsaker,ale,india pale ale,12.090909090909092
2482,to øl,garden of eden,danmark,330.0,29.9,6.0,7.0,4.0,Passar till sällskapsdryck,ale,india pale ale,9.06060606060606
2483,neipa,hantverksbryggeriet,sverige,330.0,28.0,6.0,7.0,2.0,Passar till fågelPassar till fläskPassar till grönsakerPassar till sällskapsdryck,ale,india pale ale,8.484848484848486
2484,ecstasy of gold,,sverige,330.0,35.2,8.0,8.0,2.0,Passar till lammPassar till nötPassar till sällskapsdryck,ale,new england ipa/hazy ipa,10.666666666666668
2485,duckpond blooper,duckpond brewing,sverige,440.0,49.9,2.0,6.0,1.0,Passar till aperitifPassar till sällskapsdryck,syrlig öl,gose och lichtenhainer,11.34090909090909
2486,i see weed - seaweed gose,den bryggande holländaren,sverige,330.0,28.5,2.0,4.0,1.0,Passar till fiskPassar till fågelPassar till sällskapsdryck,syrlig öl,gose och lichtenhainer,8.636363636363637
2487,ölsbo gårdsbryggeri,svensk ekologisk pilsner,sverige,330.0,25.2,5.0,5.0,1.0,Passar till fågelPassar till fläskPassar till sällskapsdryck,ljus lager,pilsner,7.636363636363636
2488,connecticut valley,bravo tango,usa,473.0,42.9,5.0,11.0,5.0,Passar till lammPassar till nötPassar till sällskapsdryckPassar till vilt,imperial porter och stout,,9.069767441860463
2489,tureberg ale,,sverige,330.0,26.7,7.0,6.0,2.0,Passar till fågelPassar till fläskPassar till grönsakerPassar till sällskapsdryck,ale,amerikansk pale ale,8.09090909090909
2490,rnb,pentavägen #1,sverige,330.0,65.0,5.0,10.0,9.0,Passar till dessertPassar till sällskapsdryck,imperial porter och stout,,19.696969696969695
2491,winter stout,,sverige,330.0,39.9,7.0,9.0,5.0,Passar till lammPassar till nötPassar till viltPassar till sällskapsdryck,imperial porter och stout,,12.090909090909092
2492,traquair,lady nithsdale,storbritannien,330.0,42.9,5.0,8.0,3.0,Passar till lammPassar till nötPassar till viltPassar till sällskapsdryck,ale,skotsk ale,13.0
2493,allsta,american wheat,sverige,330.0,34.2,3.0,5.0,2.0,Passar till fågelPassar till fläskPassar till grönsakerPassar till sällskapsdryck,veteöl,övrig veteöl,10.363636363636365
2494,allsta,west coast,sverige,330.0,33.9,8.0,8.0,3.0,Passar till lammPassar till nötPassar till sällskapsdryck,ale,new england ipa/hazy ipa,10.272727272727272
2495,gammelbacka en go en,,sverige,330.0,23.6,7.0,6.0,1.0,Passar till fläskPassar till lammPassar till sällskapsdryck,,,7.151515151515151
2496,grebbestads mellis,,sverige,330.0,15.4,5.0,5.0,1.0,Passar till fiskPassar till fågelPassar till fläsk,ljus lager,pilsner,4.666666666666667
2497,länna bruk dryckeshandel,nr 4 passionsfrukt svarta vinbär,sverige,375.0,59.0,2.0,7.0,1.0,Passar till fågelPassar till fläskPassar till sällskapsdryck,övrig syrlig öl,,15.733333333333333
2498,akia brygghus,434 kungsbacka,sverige,440.0,24.0,5.0,5.0,1.0,Passar till fiskPassar till fågelPassar till skaldjurPassar till sällskapsdryck,ljus lager,internationell stil,5.454545454545454
2499,south plains brewing company,funkyland sour elderberry,sverige,330.0,26.7,2.0,4.0,1.0,Passar till aperitifPassar till fläskPassar till fågelPassar till sällskapsdryck,övrig syrlig öl,,8.09090909090909
2500,qnypon,närke kulturbryggeri,sverige,330.0,35.9,4.0,7.0,2.0,Passar till fläskPassar till grönsakerPassar till lammPassar till sällskapsdryck,ale,saison,10.878787878787879
2501,sad robot,adama,sverige,330.0,24.9,5.0,7.0,3.0,Passar till lammPassar till nötPassar till sällskapsdryck,ale,dubbel,7.545454545454546
2502,train station brewery,third rale brown ale,sverige,330.0,23.9,6.0,6.0,2.0,Passar till lammPassar till nötPassar till sällskapsdryck,ale,brown ale,7.242424242424242
2503,amundsen,lush rasp & lime berliner,norge,330.0,27.9,2.0,3.0,1.0,Passar till aperitifPassar till sällskapsdryck,syrlig öl,berliner weisse,8.454545454545453
2504,the pineridge brewery,the sneaky seals roasted stout,sverige,330.0,24.6,7.0,8.0,1.0,Passar till lammPassar till nöt,söt porter och stout,,7.454545454545455
2505,the pineridge brewery,the sneaky seals roasted stout,sverige,330.0,24.6,7.0,8.0,1.0,Passar till lammPassar till nöt,söt porter och stout,,7.454545454545455
2506,lively lager,hesselby bryggeri,sverige,330.0,28.9,7.0,6.0,2.0,Passar till fläskPassar till lammPassar till sällskapsdryck,ljus lager,modern stil/india pale lager,8.757575757575758
2507,barrel-aged ten fidy,oskar blues brewery,usa,355.0,69.9,7.0,10.0,7.0,Passar till dessertPassar till sällskapsdryck,imperial porter och stout,,19.690140845070424
2508,gamma big doink,double ipa,danmark,440.0,59.9,7.0,8.0,4.0,Passar till fläskPassar till lammPassar till sällskapsdryck,ale,imperial/dubbel ipa,13.613636363636363
2509,cloudberry club,berliner weisse,sverige,330.0,37.5,2.0,4.0,1.0,Passar till aperitifPassar till sällskapsdryck,syrlig öl,berliner weisse,11.363636363636363
2510,mr.mangos,mangonificent mango beer,sverige,330.0,27.9,7.0,7.0,2.0,Passar till sällskapsdryckPassar till lammPassar till nöt,ale,india pale ale,8.454545454545453
2511,allsta,dipa,sverige,330.0,33.8,8.0,8.0,2.0,Passar till lammPassar till nötPassar till sällskapsdryck,ale,imperial/dubbel ipa,10.242424242424242
2512,påverås,india pale ale,sverige,330.0,27.2,9.0,7.0,1.0,Passar till lammPassar till nötPassar till sällskapsdryck,ale,india pale ale,8.242424242424242
2513,esplanad,ekfatslagrad porter,sverige,750.0,145.2,5.0,7.0,2.0,Passar till fläskPassar till lammPassar till nötPassar till sällskapsdryck,imperial porter och stout,,19.36
2514,warbergs svenska kloster,,sverige,330.0,27.9,5.0,6.0,6.0,Passar till lammPassar till nötPassar till sällskapsdryck,ale,altbier,8.454545454545453
2515,sour raspberry,,sverige,330.0,26.9,2.0,4.0,1.0,Passar till aperitifPassar till sällskapsdryck,övrig syrlig öl,,8.15151515151515
2516,bergslagens pilsner,så ända in i hatten,sverige,330.0,24.9,6.0,6.0,2.0,Passar till lammPassar till nötPassar till sällskapsdryck,ljus lager,pilsner,7.545454545454546
2517,press play on tape,,sverige,440.0,36.9,5.0,6.0,2.0,Passar till sällskapsdryckPassar till fågelPassar till fläsk,ale,amerikansk pale ale,8.386363636363637
2518,gry,,sverige,330.0,25.9,6.0,6.0,1.0,Passar till lammPassar till nötPassar till sällskapsdryck,ale,altbier,7.848484848484848
2519,vareböke gårdslager,,sverige,330.0,22.9,6.0,5.0,2.0,Passar till sällskapsdryckPassar till fiskPassar till fågelPassar till fläsk,ljus lager,internationell stil,6.939393939393939
2520,beersmiths,go west ipa,sverige,330.0,28.5,8.0,7.0,2.0,Passar till nötPassar till lammPassar till sällskapsdryck,ale,india pale ale,8.636363636363637
2521,lynge:n,,sverige,330.0,44.2,2.0,4.0,1.0,Passar till asiatisktPassar till fiskPassar till skaldjur,veteöl,witbier,13.393939393939394
2522,hop sandwich,,sverige,330.0,27.9,7.0,7.0,1.0,Passar till fläskPassar till lammPassar till sällskapsdryck,ale,india pale ale,8.454545454545453
2523,rogue rye india pale ale,mälardalen brewing company,sverige,330.0,26.9,8.0,8.0,2.0,Passar till lammPassar till nötPassar till sällskapsdryck,ale,india pale ale,8.15151515151515
2524,blonder sonja,den bryggande hollandaren,sverige,330.0,25.7,5.0,6.0,2.0,Passar till sällskapsdryckPassar till fläskPassar till lamm,ale,belgisk ljus ale,7.787878787878788
2525,bipa,hantverksbryggeriet,sverige,330.0,28.0,7.0,7.0,2.0,Passar till lammPassar till nötPassar till sällskapsdryck,ale,india pale ale,8.484848484848486
2526,illbatting,en stark bitter,sverige,330.0,33.9,6.0,6.0,3.0,Passar till lammPassar till nötPassar till sällskapsdryck,ale,extra special bitter,10.272727272727272
2527,renegade priests,beerium kraftölsbryggeri,sverige,330.0,35.9,8.0,7.0,2.0,Passar till lammPassar till nötPassar till viltPassar till sällskapsdryck,ale,black ipa,10.878787878787879
2528,red black,hattmakarens bryggeri,sverige,330.0,40.0,2.0,4.0,1.0,Passar till sällskapsdryck,syrlig öl,berliner weisse,12.121212121212121
2529,classic brown ale,snörsjö hantverksbryggeri,sverige,330.0,23.9,5.0,5.0,2.0,Passar till fläskPassar till lammPassar till sällskapsdryck,ale,brown ale,7.242424242424242
2530,captain black beard - sonic brew ipa sonic brew ip,åkersberga bryggeri ab,sverige,330.0,34.9,6.0,6.0,2.0,Passar till fågelPassar till fläskPassar till sällskapsdryck,ale,india pale ale,10.575757575757576
2531,passion for sourbock,geflebockens bryggeri,sverige,330.0,26.9,2.0,5.0,1.0,Passar till sällskapsdryck,övrig syrlig öl,,8.15151515151515
2532,fenix,lager,sverige,330.0,25.5,5.0,6.0,2.0,Passar till fiskPassar till fågelPassar till fläskPassar till sällskapsdryck,ljus lager,internationell stil,7.727272727272727
2533,bödeln,,sverige,330.0,25.9,5.0,5.0,1.0,Passar till fågelPassar till fläskPassar till sällskapsdryck,ljus lager,pilsner,7.848484848484848
2534,fermenteriets,red ale,sverige,330.0,29.9,5.0,6.0,2.0,Passar till fläskPassar till lammPassar till sällskapsdryck,ale,amber ale,9.06060606060606
2535,en jädra session ipa,,sverige,330.0,23.9,6.0,5.0,2.0,Passar till fiskPassar till fågelPassar till fläskPassar till sällskapsdryck,ale,session ipa,7.242424242424242
2536,duckpond masala,,sverige,330.0,59.9,6.0,11.0,10.0,Passar till dessertPassar till sällskapsdryck,imperial porter och stout,,18.151515151515152
2537,zzz003,hefeweizen,sverige,250.0,29.9,3.0,5.0,2.0,Passar till kryddstarktPassar till grönsakerPassar till ostPassar till fågel,veteöl,hefeweizen,11.959999999999999
2538,friends,raspberry cupcake,sverige,330.0,37.9,2.0,5.0,2.0,Passar till aperitifPassar till sällskapsdryck,syrlig öl,berliner weisse,11.484848484848484
2539,barrel-aged ten fidy,oskar blues brewery,usa,355.0,69.9,7.0,10.0,7.0,Passar till dessertPassar till sällskapsdryck,imperial porter och stout,,19.690140845070424
2540,gamma big doink,double ipa,danmark,440.0,59.9,7.0,8.0,4.0,Passar till fläskPassar till lammPassar till sällskapsdryck,ale,imperial/dubbel ipa,13.613636363636363
2541,cloudberry club,berliner weisse,sverige,330.0,37.5,2.0,4.0,1.0,Passar till aperitifPassar till sällskapsdryck,syrlig öl,berliner weisse,11.363636363636363
2542,mr.mangos,mangonificent mango beer,sverige,330.0,27.9,7.0,7.0,2.0,Passar till sällskapsdryckPassar till lammPassar till nöt,ale,india pale ale,8.454545454545453
2543,allsta,dipa,sverige,330.0,33.8,8.0,8.0,2.0,Passar till lammPassar till nötPassar till sällskapsdryck,ale,imperial/dubbel ipa,10.242424242424242
2544,sösdala lager,,sverige,330.0,19.9,5.0,5.0,1.0,Passar till fiskPassar till fågelPassar till grönsakerPassar till sällskapsdryck,ljus lager,pilsner,6.030303030303029
2545,up[p],,sverige,440.0,36.8,7.0,6.0,2.0,Passar till lammPassar till sällskapsdryckPassar till fläsk,ale,session ipa,8.363636363636363
2546,elfsborgs lösen,,sverige,330.0,34.5,7.0,7.0,2.0,Passar till lammPassar till nötPassar till viltPassar till sällskapsdryck,torr porter och stout,,10.454545454545453
2547,karoliner,klassisk lager,sverige,330.0,23.7,6.0,7.0,1.0,Passar till fläskPassar till lammPassar till nöt,mellanmörk lager,märzen och wienerstil,7.1818181818181825
2548,helsingborgs vinter,,sverige,330.0,22.4,6.0,5.0,1.0,Passar till sällskapsdryckPassar till lammPassar till fågelPassar till fläsk,ale,irländsk ale,6.787878787878787
2549,grimbergen,blonde,,330.0,18.9,3.0,6.0,3.0,Passar till fågelPassar till fläskPassar till ostPassar till sällskapsdryck,ale,belgisk ljus ale,5.727272727272727
2550,grimbergen,blonde,,330.0,18.9,3.0,6.0,3.0,Passar till fågelPassar till fläskPassar till ostPassar till sällskapsdryck,ale,belgisk ljus ale,5.727272727272727
2551,halmstad brygghus,grapefruit session ipa,sverige,330.0,23.9,8.0,7.0,2.0,Passar till lammPassar till nötPassar till sällskapsdryck,ale,amerikansk pale ale,7.242424242424242
2552,dugges 16 stout,,sverige,330.0,75.0,6.0,12.0,10.0,Passar till dessertPassar till sällskapsdryck,imperial porter och stout,,22.727272727272727
2553,vännäs pilsner,,sverige,330.0,14.9,5.0,5.0,2.0,Passar till fiskPassar till fågelPassar till fläskPassar till sällskapsdryck,ljus lager,pilsner,4.515151515151515
2554,mariatorgets mikrobryggeri,"bourbonfatlagrad imperial stout, 2021",sverige,330.0,99.9,7.0,10.0,7.0,Passar till nötPassar till viltPassar till sällskapsdryck,imperial porter och stout,,30.272727272727273
2555,karoliner,klassisk lager,sverige,330.0,23.7,6.0,7.0,1.0,Passar till fläskPassar till lammPassar till nöt,mellanmörk lager,märzen och wienerstil,7.1818181818181825
2556,lerskärsgrund,ale,sverige,330.0,37.0,5.0,6.0,2.0,Passar till fläskPassar till lammPassar till sällskapsdryck,ale,india pale ale,11.212121212121213
2557,sälens fjällbryggeri,bolsjeviken imperial stout,sverige,330.0,44.9,8.0,8.0,6.0,Passar till lammPassar till nötPassar till sällskapsdryckPassar till vilt,imperial porter och stout,,13.606060606060606
2558,of kåårs,,sverige,330.0,19.5,,,,,ale,engelsk pale ale och bitter,5.909090909090909
2559,new skåne ipa,helsingborgs bryggeri ab,sverige,330.0,25.9,8.0,8.0,3.0,Passar till lammPassar till nötPassar till sällskapsdryck,ale,india pale ale,7.848484848484848
2560,kåtöl,lager,sverige,330.0,28.1,6.0,6.0,1.0,Passar till sällskapsdryckPassar till fiskPassar till fågelPassar till fläsk,ljus lager,internationell stil,8.515151515151516
2561,hop notch,janko unchained,sverige,330.0,29.9,7.0,7.0,3.0,Passar till fläskPassar till lammPassar till sällskapsdryck,ljus lager,modern stil/india pale lager,9.06060606060606
2562,golden sour,,sverige,330.0,29.9,2.0,4.0,1.0,Passar till fiskPassar till skaldjurPassar till sällskapsdryck,syrlig öl,berliner weisse,9.06060606060606
2563,nora brygghus,"n´ipa, 2018",sverige,330.0,35.3,9.0,6.0,1.0,Passar till lammPassar till nötPassar till sällskapsdryck,ale,india pale ale,10.696969696969697
2564,1719,trosa ölkompani,sverige,330.0,27.0,6.0,6.0,2.0,Passar till lammPassar till nötPassar till sällskapsdryckPassar till vilt,mörk lager,schwarzbier,8.181818181818182
2565,arvika bryggeri,golden ale,sverige,330.0,26.6,4.0,5.0,2.0,Passar till fågelPassar till fläskPassar till sällskapsdryck,ale,golden/blond ale,8.06060606060606
2566,amager hr. fredriksen,,danmark,330.0,47.9,6.0,9.0,8.0,Passar till dessertPassar till sällskapsdryck,imperial porter och stout,,14.515151515151514
2567,barlingbo bryggeri,karlsö lager,sverige,330.0,19.9,4.0,4.0,1.0,Passar till fiskPassar till skaldjurPassar till sällskapsdryck,ljus lager,dortmunder och helles,6.030303030303029
2568,farmer,,sverige,330.0,26.7,5.0,6.0,1.0,Passar till fågelPassar till fläskPassar till sällskapsdryck,ale,saison,8.09090909090909
2569,ipa skeppsviken,,sverige,330.0,41.0,8.0,7.0,2.0,Passar till lammPassar till nötPassar till sällskapsdryck,ale,india pale ale,12.424242424242424
2570,fenix,summer weiss,sverige,330.0,26.1,3.0,5.0,1.0,Passar till sällskapsdryckPassar till grönsakerPassar till fiskPassar till kryddstarkt,veteöl,hefeweizen,7.90909090909091
2571,fenix,blonde ale,sverige,330.0,25.8,4.0,5.0,1.0,Passar till sällskapsdryckPassar till fågelPassar till fläskPassar till grönsaker,ale,golden/blond ale,7.818181818181818
2572,majornas,kapardrottning,sverige,330.0,29.9,8.0,7.0,3.0,Passar till lammPassar till nötPassar till sällskapsdryck,ale,india pale ale,9.06060606060606
2573,nautilus,new england ipa,sverige,330.0,32.9,7.0,7.0,2.0,Passar till sällskapsdryckPassar till lammPassar till nöt,ale,india pale ale,9.969696969696969
2574,one up ipa,,sverige,440.0,41.9,8.0,7.0,2.0,Passar till lammPassar till nötPassar till sällskapsdryck,ale,india pale ale,9.522727272727273
2575,dugges,candy2,sverige,330.0,65.0,5.0,9.0,9.0,Passar till sällskapsdryck,imperial porter och stout,,19.696969696969695
2576,abyssal gaze,,sverige,330.0,29.9,7.0,6.0,2.0,Passar till fågelPassar till fläskPassar till sällskapsdryck,ale,new england ipa/hazy ipa,9.06060606060606
2577,alnöl,galactico,sverige,330.0,38.6,2.0,5.0,1.0,Passar till sällskapsdryck,övrig syrlig öl,,11.696969696969697
2578,blåbergen,strong ale,sverige,330.0,35.9,5.0,7.0,3.0,Passar till lammPassar till nötPassar till sällskapsdryck,ale,strong ale,10.878787878787879
2579,umeå 10 imperial red ale,,sverige,330.0,34.9,8.0,8.0,3.0,Passar till lammPassar till nötPassar till viltPassar till sällskapsdryck,ale,imperial/dubbel ipa,10.575757575757576
2580,waxholm,jubileumsporter,sverige,330.0,39.0,7.0,7.0,2.0,Passar till nötPassar till viltPassar till sällskapsdryck,imperial porter och stout,,11.818181818181818
2581,electric nurse,monster hop imperial milk ipa,sverige,330.0,44.9,7.0,10.0,6.0,Passar till nötPassar till lammPassar till viltPassar till sällskapsdryck,ale,imperial/dubbel ipa,13.606060606060606
2582,christmas ale,,sverige,700.0,99.0,7.0,9.0,5.0,Passar till lammPassar till nötPassar till viltPassar till sällskapsdryck,imperial porter och stout,,14.142857142857142
2583,dugges apple,,sverige,330.0,32.0,2.0,5.0,1.0,Passar till aperitifPassar till sällskapsdryck,övrig syrlig öl,,9.696969696969697
2584,non plus ultra,,sverige,330.0,25.0,6.0,6.0,1.0,Passar till fågelPassar till fläskPassar till sällskapsdryck,ljus lager,modern stil/india pale lager,7.575757575757576
2585,charlis,vete,sverige,330.0,28.8,2.0,4.0,2.0,Passar till fiskPassar till fågelPassar till kryddstarktPassar till sällskapsdryck,veteöl,hefeweizen,8.727272727272728
2586,svenska högarna ale,,sverige,330.0,29.1,6.0,6.0,2.0,Passar till fiskPassar till fågelPassar till fläskPassar till sällskapsdryck,ale,belgisk ljus ale,8.818181818181818
2587,snörsjö,hard hitting ipa,sverige,330.0,26.9,9.0,7.0,1.0,Passar till lammPassar till nötPassar till sällskapsdryck,ale,india pale ale,8.15151515151515
2588,fenix premium pilsner,fenix brewery,sverige,330.0,21.4,6.0,6.0,1.0,Passar till fiskPassar till fläskPassar till grönsakerPassar till sällskapsdryck,ljus lager,pilsner,6.484848484848485
2589,madladdery,haikon baikon,sverige,330.0,38.6,6.0,10.0,8.0,Passar till sällskapsdryckPassar till viltPassar till nöt,imperial porter och stout,,11.696969696969697
2590,beerbliotek,even more of exactly the same,sverige,330.0,33.9,7.0,7.0,4.0,Passar till lammPassar till nötPassar till sällskapsdryck,ale,imperial/dubbel ipa,10.272727272727272
2591,redder sonja,den bryggande hollandaren,sverige,330.0,32.4,5.0,7.0,2.0,Passar till lammPassar till fläskPassar till sällskapsdryck,ale,dubbel,9.818181818181818
2592,valentin,jordgubbs vete,sverige,330.0,33.2,3.0,5.0,1.0,Passar till sällskapsdryck,veteöl,övrig veteöl,10.060606060606062
2593,fenix ipa,,sverige,330.0,29.0,8.0,7.0,2.0,Passar till lammPassar till nötPassar till sällskapsdryck,ale,india pale ale,8.787878787878787
2594,esplanad,tropisk planters punch,sverige,330.0,35.2,6.0,6.0,2.0,Passar till sällskapsdryck,ale,amerikansk pale ale,10.666666666666668
2595,apex,orcus ipa,sverige,440.0,49.9,7.0,7.0,2.0,Passar till lammPassar till nötPassar till sällskapsdryck,ale,new england ipa/hazy ipa,11.34090909090909
2596,häxkitteln the green man ipa,the odd house brewing company,sverige,330.0,34.9,6.0,6.0,2.0,Passar till fågelPassar till fläskPassar till grönsakerPassar till sällskapsdryck,ale,new england ipa/hazy ipa,10.575757575757576
2597,perfectly squared brewing,stonecutters lager,sverige,330.0,25.9,6.0,6.0,1.0,Passar till fläskPassar till lammPassar till sällskapsdryck,ljus lager,internationell stil,7.848484848484848
2598,right here right now,potum brewery,sverige,440.0,45.0,8.0,8.0,4.0,Passar till lammPassar till nötPassar till sällskapsdryck,ale,new england ipa/hazy ipa,10.227272727272728
2599,gammelbacka,rököl,sverige,330.0,32.1,5.0,7.0,2.0,Passar till lammPassar till nötPassar till viltPassar till sällskapsdryck,torr porter och stout,,9.727272727272727
2600,to øl quaffzilla,to øl city,danmark,440.0,37.9,5.0,5.0,1.0,Passar till fiskPassar till fläskPassar till grönsakerPassar till sällskapsdryck,ale,session ipa,8.613636363636363
2601,ocean,midvinter,sverige,330.0,26.8,6.0,7.0,1.0,Passar till lammPassar till nötPassar till sällskapsdryck,ale,mild,8.121212121212121
2602,wessinge brygghus,aurora borealis golden ale,sverige,330.0,26.0,4.0,6.0,2.0,Passar till fågelPassar till fläskPassar till sällskapsdryck,ale,strong ale,7.878787878787878
2603,friends,tropic wave ddh nedipa,sverige,330.0,39.9,8.0,8.0,4.0,Passar till lammPassar till nötPassar till sällskapsdryck,ale,imperial/dubbel ipa,12.090909090909092
2604,herman hedning,bitter & kränkt,sverige,500.0,40.1,6.0,7.0,2.0,Passar till fläskPassar till lammPassar till sällskapsdryck,ale,extra special bitter,8.020000000000001
2605,rosenhill,lager no1,sverige,330.0,28.9,4.0,4.0,1.0,Passar till fiskPassar till skaldjurPassar till sällskapsdryck,ljus lager,modern stil/india pale lager,8.757575757575758
2606,funkyland,big kahuna,sverige,330.0,26.6,2.0,4.0,1.0,Passar till aperitifPassar till sällskapsdryck,övrig syrlig öl,,8.06060606060606
2607,költur,bonobo india pale ale,sverige,330.0,30.9,8.0,7.0,3.0,Passar till lammPassar till nötPassar till sällskapsdryck,ale,india pale ale,9.363636363636363
2608,wessinge brygghus,mamuang ipa,sverige,330.0,26.0,7.0,7.0,2.0,Passar till fläskPassar till lammPassar till sällskapsdryck,ale,india pale ale,7.878787878787878
2609,brewgineers,e du go ale´r,sverige,330.0,29.0,5.0,5.0,1.0,Passar till fågelPassar till fläskPassar till sällskapsdryck,ale,amerikansk pale ale,8.787878787878787
2610,loop,"session lager, 2018",sverige,330.0,24.5,7.0,6.0,1.0,Passar till lammPassar till nötPassar till sällskapsdryck,ljus lager,modern stil/india pale lager,7.424242424242425
2611,get lucky,,sverige,330.0,34.9,7.0,7.0,3.0,Passar till lammPassar till nötPassar till sällskapsdryck,ale,india pale ale,10.575757575757576
2612,winter island ale,,sverige,330.0,29.9,5.0,6.0,1.0,Passar till fläskPassar till lammPassar till sällskapsdryckPassar till grönsaker,ale,amerikansk pale ale,9.06060606060606
2613,jarlens öl,,sverige,330.0,31.1,5.0,6.0,1.0,Passar till fågelPassar till fiskPassar till fläskPassar till sällskapsdryck,ljus lager,modern stil/india pale lager,9.424242424242426
2614,viola,bearded rabbit brewery,sverige,330.0,40.0,5.0,8.0,8.0,Passar till sällskapsdryck,ale,barley wine,12.121212121212121
2615,allsta ipa,,sverige,330.0,29.7,7.0,7.0,1.0,Passar till lammPassar till nötPassar till sällskapsdryck,ale,india pale ale,9.0
2616,diamante,,sverige,330.0,28.3,6.0,6.0,1.0,Passar till fiskPassar till fågelPassar till fläskPassar till sällskapsdryck,ljus lager,modern stil/india pale lager,8.575757575757576
2617,roslagens tropisk ipa,roslagens brygghus ab,sverige,330.0,29.9,7.0,6.0,1.0,Passar till lammPassar till nötPassar till sällskapsdryck,ale,india pale ale,9.06060606060606
2618,gotlands bryggeri,wisby lager,sverige,330.0,17.9,6.0,7.0,1.0,Passar till fiskPassar till fågelPassar till fläskPassar till sällskapsdryck,ljus lager,modern stil/india pale lager,5.424242424242424
2619,poivre du népal,,sverige,330.0,26.9,5.0,6.0,2.0,Passar till fågelPassar till fläskPassar till sällskapsdryck,ale,saison,8.15151515151515
2620,funkyland tree hugger,,sverige,330.0,29.3,4.0,5.0,1.0,Passar till sällskapsdryck,övrig syrlig öl,,8.878787878787879
2621,allsta apa,,sverige,330.0,28.4,5.0,5.0,3.0,Passar till lammPassar till nötPassar till sällskapsdryck,ale,amerikansk pale ale,8.606060606060606
2622,södra,haninge pilsner,sverige,330.0,19.9,7.0,6.0,1.0,Passar till fiskPassar till fågelPassar till fläskPassar till sällskapsdryck,ljus lager,pilsner,6.030303030303029
2623,råg-ipa,en aleigen brewery,sverige,330.0,32.3,7.0,7.0,2.0,Passar till lammPassar till sällskapsdryckPassar till fläsk,ale,india pale ale,9.787878787878787
2624,brewgineers,e du go ale´r,sverige,330.0,29.0,5.0,5.0,1.0,Passar till fågelPassar till fläskPassar till sällskapsdryck,ale,amerikansk pale ale,8.787878787878787
2625,diamante,,sverige,330.0,28.3,6.0,6.0,1.0,Passar till fiskPassar till fågelPassar till fläskPassar till sällskapsdryck,ljus lager,modern stil/india pale lager,8.575757575757576
2626,roslagens tropisk ipa,roslagens brygghus ab,sverige,330.0,29.9,7.0,6.0,1.0,Passar till lammPassar till nötPassar till sällskapsdryck,ale,india pale ale,9.06060606060606
2627,gotlands bryggeri,wisby lager,sverige,330.0,17.9,6.0,7.0,1.0,Passar till fiskPassar till fågelPassar till fläskPassar till sällskapsdryck,ljus lager,modern stil/india pale lager,5.424242424242424
2628,poivre du népal,,sverige,330.0,26.9,5.0,6.0,2.0,Passar till fågelPassar till fläskPassar till sällskapsdryck,ale,saison,8.15151515151515
2629,zzz004,imperial stout,sverige,250.0,49.0,9.0,9.0,4.0,Passar till sällskapsdryckPassar till nötPassar till lammPassar till vilt,imperial porter och stout,,19.6
2630,hönö kattegatt neipa,hönöbryggeriet,sverige,330.0,33.9,6.0,7.0,2.0,Passar till sällskapsdryckPassar till fågelPassar till fläsk,ale,new england ipa/hazy ipa,10.272727272727272
2631,lilla edet bryggeri bruket 1881,,sverige,330.0,25.6,5.0,5.0,1.0,Passar till fiskPassar till fläskPassar till fågelPassar till sällskapsdryck,ljus lager,internationell stil,7.757575757575758
2632,crossfade sour ale,,sverige,330.0,29.9,2.0,4.0,1.0,Passar till aperitifPassar till fiskPassar till skaldjurPassar till sällskapsdryck,syrlig öl,berliner weisse,9.06060606060606
2633,10 hazy ipa,,sverige,330.0,34.0,7.0,7.0,2.0,Passar till fläskPassar till lammPassar till sällskapsdryck,ale,india pale ale,10.303030303030303
2634,lazy lemur,,sverige,330.0,27.1,2.0,4.0,1.0,Passar till aperitifPassar till sällskapsdryck,övrig syrlig öl,,8.212121212121213
2635,sunnyside xpa,inner city brewing,kanada,473.0,32.9,7.0,6.0,1.0,Passar till fläskPassar till lammPassar till sällskapsdryck,ale,amerikansk pale ale,6.955602536997886
2636,autumn haze,,sverige,330.0,27.5,7.0,7.0,2.0,Passar till lammPassar till nötPassar till sällskapsdryck,ale,india pale ale,8.333333333333332
2637,mohawk,black rocket porter,sverige,330.0,32.9,8.0,7.0,1.0,Passar till nötPassar till viltPassar till sällskapsdryck,torr porter och stout,,9.969696969696969
2638,eskilstuna ölkultur,"barley wine, 2019",sverige,330.0,46.5,4.0,9.0,7.0,Passar till ostPassar till dessert,ale,barley wine,14.09090909090909
2639,derailed bourbon bock,,sverige,330.0,49.9,5.0,8.0,3.0,Passar till lammPassar till nötPassar till sällskapsdryckPassar till vilt,mörk lager,dubbelbock,15.121212121212121
2640,smögenbryggar'n,halv storm india brown ale,sverige,330.0,26.5,7.0,7.0,2.0,Passar till lammPassar till nötPassar till sällskapsdryck,ale,brown ale,8.030303030303031
2641,apache express ipa,brew sessions,sverige,440.0,44.8,7.0,7.0,2.0,Passar till lammPassar till nötPassar till sällskapsdryck,ale,new england ipa/hazy ipa,10.18181818181818
2642,västkustsk india pale ale,rörö öl,sverige,330.0,29.4,7.0,7.0,2.0,Passar till fläskPassar till lammPassar till sällskapsdryck,ale,india pale ale,8.909090909090908
2643,juicy,potum brewery,sverige,440.0,42.9,7.0,7.0,3.0,Passar till fläskPassar till lammPassar till sällskapsdryck,ale,new england ipa/hazy ipa,9.75
2644,california love,potum brewery,sverige,440.0,42.9,9.0,7.0,2.0,Passar till sällskapsdryckPassar till lammPassar till nöt,ale,india pale ale,9.75
2645,brewski,nelson ipa,sverige,330.0,34.9,7.0,6.0,2.0,Passar till fläskPassar till lammPassar till sällskapsdryck,ale,india pale ale,10.575757575757576
2646,zzz004,imperial stout,sverige,250.0,49.0,9.0,9.0,4.0,Passar till sällskapsdryckPassar till nötPassar till lammPassar till vilt,imperial porter och stout,,19.6
2647,eskilstuna ölkultur,"barley wine, 2019",sverige,330.0,46.5,4.0,9.0,7.0,Passar till ostPassar till dessert,ale,barley wine,14.09090909090909
2648,sunnyside xpa,inner city brewing,kanada,473.0,32.9,7.0,6.0,1.0,Passar till fläskPassar till lammPassar till sällskapsdryck,ale,amerikansk pale ale,6.955602536997886
2649,derailed bourbon bock,,sverige,330.0,49.9,5.0,8.0,3.0,Passar till lammPassar till nötPassar till sällskapsdryckPassar till vilt,mörk lager,dubbelbock,15.121212121212121
2650,österlenpilsner,,sverige,330.0,21.9,5.0,6.0,1.0,Passar till fågelPassar till fläskPassar till sällskapsdryck,ljus lager,pilsner,6.636363636363636
2651,ölbryggeriet,berry kiss,sverige,330.0,28.0,2.0,5.0,2.0,Passar till sällskapsdryck,annan öl,öl av flera typer/stilar,8.484848484848486
2652,slottskällan bryggeri,india pale ale,sverige,440.0,39.9,8.0,6.0,2.0,Passar till lammPassar till nötPassar till sällskapsdryck,ale,india pale ale,9.068181818181818
2653,autumn haze,,sverige,330.0,27.5,7.0,7.0,2.0,Passar till lammPassar till nötPassar till sällskapsdryck,ale,india pale ale,8.333333333333332
2654,mohawk,black rocket porter,sverige,330.0,32.9,8.0,7.0,1.0,Passar till nötPassar till viltPassar till sällskapsdryck,torr porter och stout,,9.969696969696969
2655,amundsen,in cafruits – double berry and citrus smoothie,norge,440.0,54.9,2.0,6.0,2.0,Passar till sällskapsdryck,övrig syrlig öl,,12.477272727272727
2656,3 fonteinen,druif muscat,belgien,750.0,349.0,,,,,syrlig öl,frukt,46.53333333333333
2657,hybris,rebell,sverige,330.0,26.9,8.0,7.0,3.0,Passar till lammPassar till nötPassar till sällskapsdryck,ale,india pale ale,8.15151515151515
2658,brekeriet,vild schlätta,sverige,375.0,59.0,7.0,7.0,1.0,Passar till fågelPassar till fläskPassar till lamm,övrig syrlig öl,,15.733333333333333
2659,funkyland seofon,south plains brewing company,sverige,330.0,26.8,2.0,4.0,1.0,Passar till fiskPassar till grönsakerPassar till skaldjurPassar till sällskapsdryck,övrig syrlig öl,,8.121212121212121
2660,funkyland sour,mandarin-sea buckthorn,sverige,330.0,26.8,2.0,3.0,1.0,Passar till fiskPassar till aperitifPassar till grönsakerPassar till skaldjur,övrig syrlig öl,,8.121212121212121
2661,train station brewery,groundbreaker unfiltered lager,sverige,330.0,22.9,7.0,6.0,1.0,Passar till fläskPassar till lammPassar till nötPassar till sällskapsdryck,ljus lager,modern stil/india pale lager,6.939393939393939
2662,månhorns ipa,,sverige,330.0,29.9,8.0,8.0,2.0,Passar till lammPassar till nötPassar till sällskapsdryck,ale,india pale ale,9.06060606060606
2663,deadhead,soundboard hazy session ipa,usa,473.0,32.9,7.0,6.0,2.0,Passar till fågelPassar till fläskPassar till sällskapsdryck,ale,session ipa,6.955602536997886
2664,fermenteriets,lager,sverige,330.0,29.9,6.0,6.0,1.0,Passar till fiskPassar till fågelPassar till fläskPassar till sällskapsdryck,ljus lager,pilsner,9.06060606060606
2665,5mans bärs,,sverige,330.0,24.8,5.0,5.0,2.0,Passar till fiskPassar till fågelPassar till fläskPassar till sällskapsdryck,ale,kölsch,7.515151515151515
2666,lucious loo,,sverige,330.0,26.9,7.0,6.0,2.0,Passar till lammPassar till fläskPassar till sällskapsdryck,ale,session ipa,8.15151515151515
2667,reminisce,,sverige,330.0,25.9,6.0,6.0,1.0,Passar till fågelPassar till fläskPassar till sällskapsdryck,ljus lager,pilsner,7.848484848484848
2668,åhus o'honey honungsale,,sverige,330.0,55.0,5.0,6.0,2.0,Passar till fläskPassar till lammPassar till sällskapsdryck,ale,brown ale,16.666666666666664
2669,extra mile phenomen,,sverige,330.0,29.9,8.0,8.0,2.0,Passar till lammPassar till nötPassar till sällskapsdryck,ale,imperial/dubbel ipa,9.06060606060606
2670,kiruna bryggeri,320 magnetite stout,sverige,330.0,55.0,6.0,8.0,5.0,Passar till lammPassar till nötPassar till sällskapsdryckPassar till vilt,imperial porter och stout,,16.666666666666664
2671,nils oscar,baltic porter,sverige,330.0,28.9,7.0,8.0,3.0,Passar till lammPassar till nötPassar till sällskapsdryckPassar till vilt,imperial porter och stout,,8.757575757575758
2672,pommes i falafeln,,sverige,330.0,27.5,4.0,7.0,2.0,Passar till fläskPassar till lammPassar till sällskapsdryck,ale,belgisk ljus ale,8.333333333333332
2673,express,,sverige,330.0,26.7,6.0,7.0,2.0,Passar till lammPassar till nötPassar till sällskapsdryck,ale,brown ale,8.09090909090909
2674,fermenteriet,saison,sverige,330.0,29.9,5.0,6.0,1.0,Passar till fiskPassar till fågelPassar till fläskPassar till sällskapsdryck,ale,saison,9.06060606060606
2675,trosa ölkompani,skärgårds ipa,sverige,330.0,30.8,7.0,6.0,1.0,Passar till lammPassar till nötPassar till sällskapsdryck,ale,india pale ale,9.333333333333334
2676,oude beersel,rabarberlambiek,belgien,3100.0,379.0,,,,,syrlig öl,lambic,12.225806451612902
2677,waxholm lovart lager,,sverige,330.0,26.4,7.0,6.0,2.0,Passar till lammPassar till nötPassar till sällskapsdryck,ljus lager,modern stil/india pale lager,8.0
2678,värmdö bryggeri,hamnkaptenens apa,sverige,330.0,22.9,6.0,5.0,2.0,Passar till fågelPassar till fläskPassar till sällskapsdryck,ale,amerikansk pale ale,6.939393939393939
2679,stierncrona,,sverige,330.0,23.9,4.0,4.0,1.0,Passar till fiskPassar till fågelPassar till fläskPassar till sällskapsdryck,ljus lager,modern stil/india pale lager,7.242424242424242
2680,new eleanor,new england ipa,sverige,330.0,33.9,7.0,6.0,2.0,Passar till lammPassar till nötPassar till sällskapsdryck,ale,india pale ale,10.272727272727272
2681,verkmästarns ipa,inlands bryggeri ab,sverige,330.0,25.9,8.0,7.0,2.0,Passar till lammPassar till nötPassar till sällskapsdryck,ale,india pale ale,7.848484848484848
2682,blåbergen,ljus lager,sverige,330.0,32.0,4.0,5.0,1.0,Passar till fiskPassar till skaldjurPassar till sällskapsdryck,ljus lager,modern stil/india pale lager,9.696969696969697
2683,cb's & hb's veteöl,aktiebolaget centralbryggeriet i linköping,sverige,330.0,24.9,3.0,4.0,2.0,Passar till kryddstarktPassar till sällskapsdryckPassar till fågelPassar till fläsk,veteöl,hefeweizen,7.545454545454546
2684,lövnäs bryggeri,shades of saison,sverige,330.0,23.9,5.0,6.0,2.0,Passar till fågelPassar till fläskPassar till sällskapsdryck,ale,saison,7.242424242424242
2685,mick & jack,lager mango/habanero,sverige,330.0,32.5,5.0,7.0,1.0,Passar till sällskapsdryck,ljus lager,modern stil/india pale lager,9.848484848484848
2686,into the wild,proton brewery,sverige,330.0,29.3,2.0,5.0,1.0,Passar till sällskapsdryck,övrig syrlig öl,,8.878787878787879
2687,bröderna bommen,stout,sverige,330.0,29.5,6.0,6.0,1.0,Passar till lammPassar till nötPassar till sällskapsdryckPassar till vilt,torr porter och stout,,8.93939393939394
2688,alderland,bergslagens brygghus ab,sverige,330.0,24.9,5.0,6.0,1.0,Passar till fiskPassar till fågelPassar till fläskPassar till sällskapsdryck,ljus lager,internationell stil,7.545454545454546
2689,häxkitteln vägkorset,,sverige,330.0,24.9,6.0,6.0,1.0,Passar till fågelPassar till fläskPassar till fiskPassar till sällskapsdryck,ale,golden/blond ale,7.545454545454546
2690,illbatting,xipa,sverige,330.0,34.9,8.0,7.0,2.0,Passar till lammPassar till nötPassar till sällskapsdryck,ale,india pale ale,10.575757575757576
2691,founders,mosaic promise single hop,usa,355.0,28.9,8.0,7.0,3.0,Passar till lammPassar till nötPassar till sällskapsdryck,ale,india pale ale,8.140845070422536
2692,new eleanor,new england ipa,sverige,330.0,33.9,7.0,6.0,2.0,Passar till lammPassar till nötPassar till sällskapsdryck,ale,india pale ale,10.272727272727272
2693,verkmästarns ipa,inlands bryggeri ab,sverige,330.0,25.9,8.0,7.0,2.0,Passar till lammPassar till nötPassar till sällskapsdryck,ale,india pale ale,7.848484848484848
2694,blåbergen,ljus lager,sverige,330.0,32.0,4.0,5.0,1.0,Passar till fiskPassar till skaldjurPassar till sällskapsdryck,ljus lager,modern stil/india pale lager,9.696969696969697
2695,cb's & hb's veteöl,aktiebolaget centralbryggeriet i linköping,sverige,330.0,24.9,3.0,4.0,2.0,Passar till kryddstarktPassar till sällskapsdryckPassar till fågelPassar till fläsk,veteöl,hefeweizen,7.545454545454546
2696,lövnäs bryggeri,shades of saison,sverige,330.0,23.9,5.0,6.0,2.0,Passar till fågelPassar till fläskPassar till sällskapsdryck,ale,saison,7.242424242424242
2697,lövnäs,fruity mango ipa,sverige,330.0,25.9,6.0,6.0,3.0,Passar till fågelPassar till fläskPassar till sällskapsdryck,ale,india pale ale,7.848484848484848
2698,to øl,45 days pilsner,danmark,440.0,23.9,6.0,6.0,1.0,Passar till sällskapsdryckPassar till fiskPassar till fågelPassar till fläsk,ljus lager,pilsner,5.431818181818182
2699,källarpilsner,,sverige,330.0,23.6,6.0,6.0,2.0,Passar till fiskPassar till fågelPassar till fläskPassar till sällskapsdryck,ljus lager,zwickel,7.151515151515151
2700,påsknarren,hantverksbryggeriet ab,sverige,330.0,22.9,4.0,6.0,2.0,Passar till fågelPassar till fläskPassar till grönsakerPassar till sällskapsdryck,mellanmörk lager,märzen och wienerstil,6.939393939393939
2701,buxton brewery,rudenko bourbon barrel aged barley wine,storbritannien,330.0,89.9,,,,,ale,barley wine,27.242424242424246
2702,fermenterarna,beyond the beast,sverige,440.0,52.9,8.0,8.0,2.0,Passar till lammPassar till nötPassar till sällskapsdryck,ale,imperial/dubbel ipa,12.022727272727272
2703,ölbryggeriet,surkärring,sverige,330.0,25.5,2.0,4.0,1.0,Passar till aperitifPassar till sällskapsdryck,övrig syrlig öl,,7.727272727272727
2704,karls karaktär,,sverige,330.0,28.5,5.0,6.0,2.0,Passar till fläskPassar till lammPassar till sällskapsdryck,mellanmörk lager,polotmavý,8.636363636363637
2705,münchenbryggeriet,hoppy lager,sverige,330.0,29.9,5.0,6.0,2.0,Passar till fiskPassar till fågelPassar till grönsakerPassar till sällskapsdryck,ljus lager,modern stil/india pale lager,9.06060606060606
2706,münchenbryggeriet,hoppy kveik ipa,sverige,330.0,34.9,6.0,7.0,2.0,Passar till grönsakerPassar till lammPassar till sällskapsdryckPassar till nöt,ale,new england ipa/hazy ipa,10.575757575757576
2707,the alien,noisy bastards brewing company,sverige,330.0,32.8,8.0,6.0,2.0,Passar till lammPassar till nötPassar till sällskapsdryck,ale,new england ipa/hazy ipa,9.939393939393938
2708,smedjan pale ale,brukskällan dalsland,sverige,330.0,28.1,6.0,5.0,1.0,Passar till fiskPassar till fågelPassar till fläskPassar till sällskapsdryck,ale,amerikansk pale ale,8.515151515151516
2709,double dippy doo,,danmark,440.0,55.5,8.0,8.0,2.0,Passar till lammPassar till nötPassar till sällskapsdryck,ale,imperial/dubbel ipa,12.613636363636363
2710,stigbergets,promenadporter,sverige,330.0,29.9,6.0,7.0,1.0,Passar till nötPassar till lammPassar till sällskapsdryckPassar till vilt,torr porter och stout,,9.06060606060606
2711,bröderna bommen,stout,sverige,330.0,29.5,6.0,6.0,1.0,Passar till lammPassar till nötPassar till sällskapsdryckPassar till vilt,torr porter och stout,,8.93939393939394
2712,alderland,bergslagens brygghus ab,sverige,330.0,24.9,5.0,6.0,1.0,Passar till fiskPassar till fågelPassar till fläskPassar till sällskapsdryck,ljus lager,internationell stil,7.545454545454546
2713,häxkitteln vägkorset,,sverige,330.0,24.9,6.0,6.0,1.0,Passar till fågelPassar till fläskPassar till fiskPassar till sällskapsdryck,ale,golden/blond ale,7.545454545454546
2714,opus ipa,brew sessions,sverige,440.0,28.9,6.0,5.0,2.0,Passar till fiskPassar till fågelPassar till grönsakerPassar till sällskapsdryck,ale,session ipa,6.5681818181818175
2715,carlstad pilsner,carlstad bryggeri,sverige,330.0,21.3,6.0,6.0,1.0,Passar till fiskPassar till fågelPassar till skaldjurPassar till sällskapsdryck,ljus lager,pilsner,6.454545454545454
2716,södra chicken haze,,sverige,330.0,31.9,7.0,7.0,2.0,Passar till sällskapsdryck,ale,india pale ale,9.666666666666666
2717,remmarlöv,witch craft lager,sverige,440.0,27.9,5.0,7.0,1.0,Passar till fläskPassar till grönsakerPassar till lammPassar till sällskapsdryck,mörk lager,dunkel,6.34090909090909
2718,påsknarren,hantverksbryggeriet ab,sverige,330.0,22.9,4.0,6.0,2.0,Passar till fågelPassar till fläskPassar till grönsakerPassar till sällskapsdryck,mellanmörk lager,märzen och wienerstil,6.939393939393939
2719,buxton brewery,rudenko bourbon barrel aged barley wine,storbritannien,330.0,89.9,,,,,ale,barley wine,27.242424242424246
2720,fermenterarna,beyond the beast,sverige,440.0,52.9,8.0,8.0,2.0,Passar till lammPassar till nötPassar till sällskapsdryck,ale,imperial/dubbel ipa,12.022727272727272
2721,ölbryggeriet,surkärring,sverige,330.0,25.5,2.0,4.0,1.0,Passar till aperitifPassar till sällskapsdryck,övrig syrlig öl,,7.727272727272727
2722,karls karaktär,,sverige,330.0,28.5,5.0,6.0,2.0,Passar till fläskPassar till lammPassar till sällskapsdryck,mellanmörk lager,polotmavý,8.636363636363637
2723,münchenbryggeriet,hoppy lager,sverige,330.0,29.9,5.0,6.0,2.0,Passar till fiskPassar till fågelPassar till grönsakerPassar till sällskapsdryck,ljus lager,modern stil/india pale lager,9.06060606060606
2724,münchenbryggeriet,hoppy kveik ipa,sverige,330.0,34.9,6.0,7.0,2.0,Passar till grönsakerPassar till lammPassar till sällskapsdryckPassar till nöt,ale,new england ipa/hazy ipa,10.575757575757576
2725,the alien,noisy bastards brewing company,sverige,330.0,32.8,8.0,6.0,2.0,Passar till lammPassar till nötPassar till sällskapsdryck,ale,new england ipa/hazy ipa,9.939393939393938
2726,smedjan pale ale,brukskällan dalsland,sverige,330.0,28.1,6.0,5.0,1.0,Passar till fiskPassar till fågelPassar till fläskPassar till sällskapsdryck,ale,amerikansk pale ale,8.515151515151516
2727,double dippy doo,,danmark,440.0,55.5,8.0,8.0,2.0,Passar till lammPassar till nötPassar till sällskapsdryck,ale,imperial/dubbel ipa,12.613636363636363
2728,stigbergets,promenadporter,sverige,330.0,29.9,6.0,7.0,1.0,Passar till nötPassar till lammPassar till sällskapsdryckPassar till vilt,torr porter och stout,,9.06060606060606
2729,opus ipa,brew sessions,sverige,440.0,28.9,6.0,5.0,2.0,Passar till fiskPassar till fågelPassar till grönsakerPassar till sällskapsdryck,ale,session ipa,6.5681818181818175
2730,noa bourbon pecan mud cake,,nederländerna,330.0,109.9,5.0,11.0,10.0,Passar till dessertPassar till sällskapsdryck,imperial porter och stout,,33.303030303030305
2731,to øl,whirl domination,danmark,440.0,32.9,6.0,6.0,3.0,Passar till fågelPassar till fläskPassar till grönsakerPassar till sällskapsdryck,ale,new england ipa/hazy ipa,7.477272727272727
2732,ten hands,shaman,sverige,330.0,39.9,2.0,5.0,1.0,Passar till aperitifPassar till sällskapsdryck,syrlig öl,berliner weisse,12.090909090909092
2733,ten hands,goblin,sverige,330.0,29.9,5.0,5.0,2.0,Passar till fiskPassar till fågelPassar till grönsakerPassar till sällskapsdryck,ale,session ipa,9.06060606060606
2734,benchwarmers,stigbergets måsabänk,sverige,440.0,49.9,8.0,8.0,4.0,Passar till lammPassar till nötPassar till sällskapsdryck,ale,imperial/dubbel ipa,11.34090909090909
2735,hoppy weizen,snausarve gårdsbryggeri,sverige,330.0,29.6,4.0,5.0,2.0,Passar till fläskPassar till grönsakerPassar till kryddstarktPassar till sällskapsdryck,veteöl,hopfenweizen,8.96969696969697
2736,sösdala ipa,,sverige,330.0,24.9,8.0,6.0,1.0,Passar till lammPassar till nötPassar till sällskapsdryck,ale,india pale ale,7.545454545454546
2737,remmarlöv,sommarlager,sverige,500.0,28.9,6.0,6.0,2.0,Passar till fågelPassar till fläskPassar till grönsakerPassar till sällskapsdryck,ljus lager,pilsner,5.779999999999999
2738,zzz009,,sverige,250.0,30.1,5.0,5.0,1.0,Passar till fiskPassar till fågelPassar till fläskPassar till sällskapsdryck,ljus lager,zwickel,12.040000000000001
2739,sälens fjällbryggeri,sommarsnö,sverige,330.0,24.9,3.0,4.0,2.0,Passar till fiskPassar till fågelPassar till kryddstarktPassar till grönsaker,veteöl,witbier,7.545454545454546
2740,illbatting,xipa,sverige,330.0,34.9,8.0,7.0,2.0,Passar till lammPassar till nötPassar till sällskapsdryck,ale,india pale ale,10.575757575757576
2741,founders,mosaic promise single hop,usa,355.0,28.9,8.0,7.0,3.0,Passar till lammPassar till nötPassar till sällskapsdryck,ale,india pale ale,8.140845070422536
2742,gamma,transmodulate,danmark,440.0,63.9,7.0,8.0,3.0,Passar till lammPassar till nötPassar till sällskapsdryck,ale,imperial/dubbel ipa,14.522727272727273
2743,please me,flying guru brewery,sverige,330.0,38.3,2.0,4.0,2.0,Passar till sällskapsdryck,övrig syrlig öl,,11.606060606060606
2744,vegvisir bitter,,sverige,330.0,29.9,6.0,6.0,1.0,Passar till fågelPassar till fläskPassar till grönsakerPassar till sällskapsdryck,ale,engelsk pale ale och bitter,9.06060606060606
2745,svensk lager,sibbetorps gård,sverige,330.0,31.0,4.0,5.0,2.0,Passar till fiskPassar till fågelPassar till fläskPassar till sällskapsdryck,ljus lager,modern stil/india pale lager,9.393939393939393
2746,carlstad pilsner,carlstad bryggeri,sverige,330.0,21.3,6.0,6.0,1.0,Passar till fiskPassar till fågelPassar till skaldjurPassar till sällskapsdryck,ljus lager,pilsner,6.454545454545454
2747,belgo twin,,sverige,330.0,39.5,5.0,7.0,3.0,Passar till lammPassar till nötPassar till sällskapsdryck,ale,dubbel,11.969696969696969
2748,valkyria,california common,sverige,330.0,25.1,6.0,7.0,3.0,Passar till lammPassar till nötPassar till sällskapsdryckPassar till vilt,mellanmörk lager,california common,7.606060606060606
2749,saison de piteå,,sverige,330.0,38.0,6.0,6.0,1.0,Passar till fågelPassar till fläskPassar till sällskapsdryck,ale,saison,11.515151515151516
2750,electric nurse,dark skull,sverige,330.0,39.7,6.0,10.0,6.0,Passar till dessertPassar till nötPassar till vilt,imperial porter och stout,,12.030303030303031
2751,surf citra,,sverige,330.0,26.6,6.0,6.0,1.0,Passar till fågelPassar till fläskPassar till sällskapsdryck,ale,amerikansk pale ale,8.06060606060606
2752,fruktamig,ipa,sverige,330.0,35.4,9.0,7.0,3.0,Passar till lammPassar till nötPassar till sällskapsdryck,ale,india pale ale,10.727272727272727
2753,rosenhill,brutus brut ipa,sverige,330.0,33.1,5.0,4.0,1.0,Passar till sällskapsdryckPassar till fiskPassar till fågelPassar till fläsk,ale,india pale ale,10.030303030303031
2754,benchwarmers lot lizard,dipa,sverige,330.0,32.9,7.0,8.0,3.0,Passar till sällskapsdryckPassar till lammPassar till nöt,ale,imperial/dubbel ipa,9.969696969696969
2755,dragon dipa,,sverige,330.0,32.2,8.0,7.0,4.0,Passar till lammPassar till nötPassar till sällskapsdryck,ale,imperial/dubbel ipa,9.757575757575758
2756,badass,revsunds brewery,sverige,330.0,29.6,7.0,7.0,2.0,Passar till nötPassar till sällskapsdryckPassar till vilt,ale,black ipa,8.96969696969697
2757,midas golden pilsner,,sverige,330.0,27.9,6.0,6.0,1.0,Passar till fågelPassar till fläskPassar till sällskapsdryck,ljus lager,pilsner,8.454545454545453
2758,to øl,black malts & body salts,danmark,330.0,43.9,7.0,9.0,1.0,Passar till lammPassar till nötPassar till viltPassar till sällskapsdryck,ale,black ipa,13.303030303030303
2759,humlegårdh brygghus,pale ale,sverige,330.0,26.9,6.0,7.0,2.0,Passar till sällskapsdryckPassar till lammPassar till nöt,ale,amerikansk pale ale,8.15151515151515
2760,rosenhill,brutus brut ipa,sverige,330.0,33.1,5.0,4.0,1.0,Passar till sällskapsdryckPassar till fiskPassar till fågelPassar till fläsk,ale,india pale ale,10.030303030303031
2761,hunter pale ale,tjärnsjö brewery,sverige,330.0,29.9,5.0,6.0,1.0,Passar till sällskapsdryckPassar till fågelPassar till fläsk,ale,mild,9.06060606060606
2762,gamma,freak wave,danmark,440.0,53.9,8.0,8.0,2.0,Passar till lammPassar till nötPassar till sällskapsdryck,ale,india pale ale,12.25
2763,hop notch,simsalabim dipa,sverige,330.0,39.9,6.0,8.0,4.0,Passar till lammPassar till nötPassar till sällskapsdryck,ale,imperial/dubbel ipa,12.090909090909092
2764,illbatting,traitor's porter,sverige,330.0,32.9,6.0,8.0,1.0,Passar till lammPassar till nötPassar till viltPassar till sällskapsdryck,torr porter och stout,,9.969696969696969
2765,benchwarmers lot lizard,dipa,sverige,330.0,32.9,7.0,8.0,3.0,Passar till sällskapsdryckPassar till lammPassar till nöt,ale,imperial/dubbel ipa,9.969696969696969
2766,dragon dipa,,sverige,330.0,32.2,8.0,7.0,4.0,Passar till lammPassar till nötPassar till sällskapsdryck,ale,imperial/dubbel ipa,9.757575757575758
2767,shit creek ale,kiruna bryggeri,sverige,330.0,34.0,8.0,7.0,3.0,Passar till lammPassar till nötPassar till sällskapsdryckPassar till vilt,ale,brown ale,10.303030303030303
2768,viken bryggeri pilsner,,sverige,330.0,24.2,4.0,4.0,2.0,Passar till fiskPassar till fågelPassar till fläskPassar till sällskapsdryck,ljus lager,modern stil/india pale lager,7.333333333333333
2769,berga pils,,sverige,330.0,22.9,5.0,5.0,2.0,Passar till fågelPassar till fläskPassar till sällskapsdryck,ljus lager,zwickel,6.939393939393939
2770,waxholm mörk lager,,sverige,330.0,24.8,5.0,6.0,2.0,Passar till fågelPassar till fläskPassar till lammPassar till sällskapsdryck,mörk lager,dunkel,7.515151515151515
2771,subbe bryggeri,pils,sverige,330.0,23.9,5.0,4.0,1.0,Passar till fiskPassar till fågelPassar till skaldjurPassar till sällskapsdryck,ljus lager,pilsner,7.242424242424242
2772,tilquin,oude gueuze,belgien,750.0,136.0,3.0,6.0,1.0,Passar till aperitifPassar till fiskPassar till skaldjur,syrlig öl,gueuze,18.133333333333333
2773,ölbryggeriet,sl pils,sverige,330.0,23.0,5.0,6.0,2.0,Passar till fiskPassar till fågelPassar till fläskPassar till sällskapsdryck,ljus lager,pilsner,6.969696969696971
2774,phact,,sverige,330.0,22.9,5.0,6.0,2.0,Passar till fiskPassar till fågelPassar till fläskPassar till sällskapsdryck,ljus lager,pilsner,6.939393939393939
2775,monkey business,,sverige,440.0,44.9,7.0,7.0,3.0,Passar till fläskPassar till lammPassar till sällskapsdryck,ale,india pale ale,10.204545454545453
2776,osmosis,brew sessions,sverige,330.0,32.7,8.0,7.0,2.0,Passar till lammPassar till nötPassar till sällskapsdryck,ale,india pale ale,9.90909090909091
2777,stigbergets,grandiose lager,sverige,440.0,29.9,7.0,6.0,1.0,Passar till fläskPassar till lammPassar till sällskapsdryck,ljus lager,modern stil/india pale lager,6.795454545454545
2778,coppersmith's,the pawn's unfiltred,sverige,440.0,26.9,6.0,5.0,1.0,Passar till fiskPassar till grönsakerPassar till fågelPassar till sällskapsdryck,ljus lager,modern stil/india pale lager,6.113636363636363
2779,umeå mörk,,sverige,330.0,24.9,7.0,7.0,1.0,Passar till lammPassar till nötPassar till sällskapsdryck,ale,brown ale,7.545454545454546
2780,hägerstads slottsbrygd ale,,sverige,330.0,29.9,6.0,6.0,1.0,Passar till fläskPassar till fågelPassar till sällskapsdryck,ale,engelsk pale ale och bitter,9.06060606060606
2781,bellona,,sverige,330.0,31.4,2.0,4.0,1.0,Passar till fiskPassar till skaldjurPassar till sällskapsdryckPassar till aperitif,övrig syrlig öl,,9.515151515151516
2782,big sound scotch ale,,usa,650.0,134.9,,,,,ale,skotsk ale,20.753846153846155
2783,classy betty,,sverige,330.0,28.1,6.0,5.0,1.0,Passar till sällskapsdryckPassar till fågelPassar till fläskPassar till grönsaker,ale,mild,8.515151515151516
2784,umeå export,,sverige,330.0,18.9,4.0,5.0,1.0,Passar till fiskPassar till fågelPassar till skaldjurPassar till sällskapsdryck,ljus lager,dortmunder och helles,5.727272727272727
2785,palles pils,nyköping brewing,sverige,440.0,29.8,6.0,6.0,1.0,Passar till fiskPassar till fågelPassar till fläskPassar till sällskapsdryck,ljus lager,pilsner,6.772727272727273
2786,5mans neipa,,sverige,330.0,32.8,7.0,7.0,3.0,Passar till lammPassar till nötPassar till sällskapsdryck,ale,new england ipa/hazy ipa,9.939393939393938
2787,roddarmadams rustika,,sverige,330.0,39.5,7.0,7.0,3.0,Passar till lammPassar till nötPassar till sällskapsdryck,ale,imperial/dubbel ipa,11.969696969696969
2788,northern exposure,dark side of the room,sverige,440.0,49.9,7.0,8.0,3.0,Passar till lammPassar till nötPassar till viltPassar till sällskapsdryck,söt porter och stout,,11.34090909090909
2789,brygglabbet,kattpils,sverige,330.0,32.9,4.0,6.0,2.0,Passar till fågelPassar till fläskPassar till sällskapsdryck,ljus lager,modern stil/india pale lager,9.969696969696969
2790,extra mile,vega,sverige,330.0,31.3,8.0,7.0,2.0,Passar till lammPassar till nötPassar till sällskapsdryck,ale,india pale ale,9.484848484848484
2791,high five fiona,,sverige,330.0,28.1,7.0,6.0,1.0,Passar till fiskPassar till fläskPassar till sällskapsdryckPassar till fågel,ljus lager,modern stil/india pale lager,8.515151515151516
2792,gullmars ipa,gröna linjen,sverige,330.0,32.9,7.0,6.0,1.0,Passar till lammPassar till nötPassar till sällskapsdryck,ale,india pale ale,9.969696969696969
2793,tenability,klackabackens bryggeri,sverige,330.0,38.9,5.0,9.0,6.0,Passar till lammPassar till nötPassar till sällskapsdryckPassar till vilt,imperial porter och stout,,11.787878787878787
2794,tegel,ödåkra brygghus,sverige,330.0,29.4,6.0,7.0,2.0,Passar till fläskPassar till lammPassar till nöt,ale,altbier,8.909090909090908
2795,dunkel,carlstad bryggeri,sverige,330.0,24.5,5.0,5.0,2.0,Passar till fläskPassar till lammPassar till nötPassar till sällskapsdryck,mörk lager,dunkel,7.424242424242425
2796,oude geuze,boon black edition no 4,belgien,750.0,98.9,3.0,5.0,1.0,Passar till aperitifPassar till skaldjur,syrlig öl,gueuze,13.18666666666667
2797,umeå export,,sverige,330.0,18.9,4.0,5.0,1.0,Passar till fiskPassar till fågelPassar till skaldjurPassar till sällskapsdryck,ljus lager,dortmunder och helles,5.727272727272727
2798,palles pils,nyköping brewing,sverige,440.0,29.8,6.0,6.0,1.0,Passar till fiskPassar till fågelPassar till fläskPassar till sällskapsdryck,ljus lager,pilsner,6.772727272727273
2799,5mans neipa,,sverige,330.0,32.8,7.0,7.0,3.0,Passar till lammPassar till nötPassar till sällskapsdryck,ale,new england ipa/hazy ipa,9.939393939393938
2800,roddarmadams rustika,,sverige,330.0,39.5,7.0,7.0,3.0,Passar till lammPassar till nötPassar till sällskapsdryck,ale,imperial/dubbel ipa,11.969696969696969
2801,northern exposure,dark side of the room,sverige,440.0,49.9,7.0,8.0,3.0,Passar till lammPassar till nötPassar till viltPassar till sällskapsdryck,söt porter och stout,,11.34090909090909
2802,brygglabbet,kattpils,sverige,330.0,32.9,4.0,6.0,2.0,Passar till fågelPassar till fläskPassar till sällskapsdryck,ljus lager,modern stil/india pale lager,9.969696969696969
2803,duckpond x cervisiam,strawberry fiends forever,sverige,330.0,36.9,2.0,5.0,1.0,Passar till sällskapsdryck,syrlig öl,gose och lichtenhainer,11.181818181818182
2804,löta legends,,sverige,330.0,34.9,8.0,7.0,3.0,Passar till sällskapsdryckPassar till lammPassar till nöt,ale,imperial/dubbel ipa,10.575757575757576
2805,rosenhill plethora,imperial stout,sverige,250.0,48.9,7.0,10.0,4.0,Passar till nötPassar till viltPassar till sällskapsdryck,imperial porter och stout,,19.56
2806,supportyourlokal,,sverige,330.0,26.3,6.0,6.0,1.0,Passar till fiskPassar till fläskPassar till sällskapsdryckPassar till grönsaker,ljus lager,modern stil/india pale lager,7.96969696969697
2807,perfectly squared brewing,a cosmic rite,sverige,330.0,30.9,8.0,6.0,2.0,Passar till lammPassar till nötPassar till sällskapsdryck,ale,imperial/dubbel ipa,9.363636363636363
2808,perfectly squared brewing,egino's porter,sverige,330.0,29.9,4.0,6.0,1.0,Passar till lammPassar till nötPassar till sällskapsdryck,torr porter och stout,,9.06060606060606
2809,folkets val 004,,sverige,330.0,49.9,7.0,8.0,5.0,Passar till nötPassar till viltPassar till sällskapsdryck,imperial porter och stout,,15.121212121212121
2810,poppels bryggeri,"vintervärmare 2020, 2020",sverige,330.0,27.5,6.0,8.0,4.0,Passar till lammPassar till nötPassar till viltPassar till sällskapsdryck,ale,strong ale,8.333333333333332
2811,perfectly squared brewing,drusy oops,sverige,330.0,30.9,7.0,7.0,1.0,Passar till fläskPassar till lammPassar till sällskapsdryck,ale,india pale ale,9.363636363636363
2812,umeå,ipa,sverige,330.0,24.9,8.0,7.0,2.0,Passar till lammPassar till nötPassar till sällskapsdryck,ale,india pale ale,7.545454545454546
2813,space pants,india pale ale,sverige,440.0,39.9,7.0,6.0,1.0,Passar till sällskapsdryckPassar till fläskPassar till lammPassar till nöt,ale,india pale ale,9.068181818181818
2814,balder 2.0,qvänum mat&malt ab,sverige,500.0,43.6,5.0,6.0,2.0,Passar till fläskPassar till fågelPassar till sällskapsdryck,ljus lager,modern stil/india pale lager,8.72
2815,mj's bryggeri,rolf en vanlig lager,sverige,330.0,20.0,4.0,5.0,1.0,Passar till fiskPassar till skaldjurPassar till sällskapsdryck,ljus lager,internationell stil,6.0606060606060606
2816,pongo pow,,sverige,330.0,66.6,6.0,10.0,9.0,Passar till dessertPassar till sällskapsdryck,imperial porter och stout,,20.18181818181818
2817,nättraby kvartersbryggeri,kvarterets lager,sverige,330.0,25.8,6.0,6.0,1.0,Passar till grönsakerPassar till fågelPassar till fläskPassar till sällskapsdryck,ljus lager,modern stil/india pale lager,7.818181818181818
2818,költur,nu skool whenever pils,sverige,330.0,24.9,7.0,6.0,1.0,Passar till fläskPassar till lammPassar till nötPassar till sällskapsdryck,ljus lager,pilsner,7.545454545454546
2819,mariatorgets mikrobryggeri,blend #6,sverige,330.0,99.9,6.0,12.0,10.0,Passar till dessertPassar till sällskapsdryck,ale,strong ale,30.272727272727273
2820,gammelbacka,ingefära,sverige,330.0,27.4,4.0,4.0,1.0,Passar till asiatisktPassar till fiskPassar till skaldjurPassar till sällskapsdryck,ale,,8.303030303030303
2821,carlstad glutenfri,,sverige,330.0,25.9,7.0,6.0,1.0,Passar till fågelPassar till fläskPassar till sällskapsdryck,ljus lager,modern stil/india pale lager,7.848484848484848
2822,häxkitteln nornorna verdandi,,sverige,330.0,50.3,7.0,8.0,4.0,Passar till lammPassar till nötPassar till sällskapsdryckPassar till vilt,imperial porter och stout,,15.24242424242424
2823,wättle rödhaken,,sverige,330.0,31.0,8.0,7.0,2.0,Passar till lammPassar till nötPassar till sällskapsdryck,ale,india pale ale,9.393939393939393
2824,your kiss tastes like strawberries,flying guru brewery,sverige,330.0,38.3,2.0,5.0,4.0,Passar till sällskapsdryck,övrig syrlig öl,,11.606060606060606
2825,5mans,kopal,sverige,440.0,34.9,7.0,6.0,2.0,Passar till fläskPassar till lammPassar till sällskapsdryck,ale,india pale ale,7.931818181818182
2826,johannishus,honey ale,sverige,330.0,28.3,7.0,7.0,2.0,Passar till fläskPassar till lammPassar till sällskapsdryck,annan öl,,8.575757575757576
2827,the odd house brewing company,häxkitteln blodmåne,sverige,330.0,39.9,2.0,3.0,1.0,Passar till aperitifPassar till sällskapsdryck,syrlig öl,berliner weisse,12.090909090909092
2828,basqueland brewing,chocolate clouds,spanien,440.0,59.9,,,,,imperial porter och stout,,13.613636363636363
2829,basqueland brewing,six degrees of separation dipa,spanien,440.0,59.9,8.0,8.0,4.0,Passar till lammPassar till nötPassar till sällskapsdryck,ale,imperial/dubbel ipa,13.613636363636363
2830,hybris,besserwisser,sverige,330.0,18.9,3.0,5.0,2.0,Passar till sällskapsdryckPassar till fågelPassar till fläsk,veteöl,hefeweizen,5.727272727272727
2831,enhörning,jackdaw brewery,sverige,330.0,69.9,2.0,6.0,1.0,Passar till fågelPassar till fläskPassar till buffématPassar till sällskapsdryck,övrig syrlig öl,,21.181818181818183
2832,gammelbacka,pilsner,sverige,330.0,23.6,5.0,6.0,1.0,Passar till fiskPassar till fågelPassar till fläskPassar till sällskapsdryck,ljus lager,pilsner,7.151515151515151
2833,hop shed,mango pale ale,sverige,330.0,34.2,8.0,7.0,1.0,Passar till lammPassar till nötPassar till sällskapsdryck,ale,amerikansk pale ale,10.363636363636365
2834,viven ale,,belgien,330.0,22.0,7.0,6.0,1.0,Passar till lammPassar till nötPassar till sällskapsdryckPassar till ost,ale,belgisk ljus ale,6.666666666666667
2835,s:t eriks klassisk porter,,sverige,330.0,22.9,6.0,6.0,3.0,Passar till lammPassar till nötPassar till sällskapsdryck,torr porter och stout,,6.939393939393939
2836,mora alt-bier,,sverige,330.0,22.0,6.0,6.0,2.0,Passar till lammPassar till nötPassar till sällskapsdryck,ale,altbier,6.666666666666667
2837,hopsan kerstin,india pale ale,sverige,330.0,29.0,8.0,7.0,2.0,Passar till nötPassar till lammPassar till sällskapsdryck,ale,india pale ale,8.787878787878787
2838,strandlida bryggeri,en vanlig lager,sverige,330.0,22.5,6.0,6.0,1.0,Passar till fiskPassar till fågelPassar till fläskPassar till sällskapsdryck,ljus lager,internationell stil,6.8181818181818175
2839,barlingbo bryggeri,fårö pilsner,sverige,330.0,19.9,5.0,5.0,1.0,Passar till fågelPassar till fläskPassar till sällskapsdryck,ljus lager,pilsner,6.030303030303029
2840,sundsvall lager,,sverige,330.0,28.4,4.0,4.0,2.0,Passar till fiskPassar till fågelPassar till fläskPassar till sällskapsdryck,ljus lager,internationell stil,8.606060606060606
2841,klean & krisp,,sverige,330.0,21.9,5.0,6.0,1.0,Passar till fiskPassar till fågelPassar till fläskPassar till sällskapsdryck,,,6.636363636363636
2842,rosenhill,orange pale ale,sverige,330.0,30.0,6.0,6.0,1.0,Passar till sällskapsdryckPassar till fläskPassar till lamm,ale,amerikansk pale ale,9.090909090909092
2843,lockeby inlandsis,,sverige,330.0,49.9,7.0,9.0,5.0,Passar till nötPassar till viltPassar till sällskapsdryck,imperial porter och stout,,15.121212121212121
2844,eskilstuna ölkultur,god jul lager,sverige,330.0,24.9,5.0,5.0,2.0,Passar till lammPassar till sällskapsdryckPassar till fläsk,mellanmörk lager,märzen och wienerstil,7.545454545454546
2845,supporter,,sverige,330.0,32.1,6.0,6.0,1.0,Passar till lammPassar till nötPassar till sällskapsdryck,torr porter och stout,,9.727272727272727
2846,stout revansch,torrskogs källarbryggeri,sverige,330.0,35.2,6.0,6.0,2.0,Passar till nötPassar till sällskapsdryckPassar till vilt,imperial porter och stout,,10.666666666666668
2847,sickla neipa,,sverige,330.0,33.9,7.0,8.0,2.0,Passar till lammPassar till nötPassar till sällskapsdryck,ale,new england ipa/hazy ipa,10.272727272727272
2848,mikkeller,spontancassis,,375.0,59.9,2.0,5.0,1.0,Passar till aperitifPassar till sällskapsdryck,syrlig öl,frukt,15.973333333333334
2849,råå,lager,sverige,330.0,19.9,6.0,6.0,1.0,Passar till fiskPassar till grönsakerPassar till fläskPassar till sällskapsdryck,ljus lager,modern stil/india pale lager,6.030303030303029
2850,umeå special brew,,sverige,330.0,22.2,6.0,6.0,1.0,Passar till fläskPassar till lammPassar till sällskapsdryck,ale,extra special bitter,6.7272727272727275
2851,häxkitteln hel,,sverige,330.0,49.9,5.0,9.0,9.0,Passar till sällskapsdryckPassar till dessert,imperial porter och stout,,15.121212121212121
2852,eq for equality,ipa,sverige,440.0,39.6,7.0,8.0,4.0,Passar till lammPassar till fläskPassar till sällskapsdryck,ale,india pale ale,9.0
2853,no. 5,double india pale ale,sverige,330.0,29.6,7.0,8.0,3.0,Passar till nötPassar till lammPassar till sällskapsdryck,ale,imperial/dubbel ipa,8.96969696969697
2854,susan calvin,,sverige,330.0,26.6,8.0,8.0,2.0,Passar till nötPassar till sällskapsdryckPassar till vilt,torr porter och stout,,8.06060606060606
2855,svart ipa,,sverige,330.0,32.5,8.0,7.0,1.0,Passar till lammPassar till nötPassar till sällskapsdryck,ale,black ipa,9.848484848484848
2856,gripen,skånsk pale ale,sverige,330.0,29.6,8.0,6.0,1.0,Passar till fläskPassar till lammPassar till nötPassar till sällskapsdryck,ale,engelsk pale ale och bitter,8.96969696969697
2857,stallhagen,original ipa,finland,330.0,22.9,8.0,6.0,1.0,Passar till lammPassar till nötPassar till sällskapsdryck,ale,india pale ale,6.939393939393939
2858,ahlafors,aotearoa,sverige,330.0,26.9,7.0,7.0,1.0,Passar till lammPassar till nötPassar till sällskapsdryck,ljus lager,modern stil/india pale lager,8.15151515151515
2859,trosa ölkompani,trosa pale ale,sverige,330.0,29.0,7.0,7.0,1.0,Passar till lammPassar till nötPassar till sällskapsdryck,ale,amerikansk pale ale,8.787878787878787
2860,dalslänningen pilsner,,sverige,330.0,28.8,4.0,5.0,1.0,Passar till fiskPassar till fågelPassar till fläskPassar till sällskapsdryck,ljus lager,pilsner,8.727272727272728
2861,chasing alaia,,sverige,330.0,23.8,7.0,6.0,1.0,Passar till lammPassar till nötPassar till sällskapsdryck,ale,golden/blond ale,7.212121212121213
2862,glabo gsb,glabo gårdsbryggeri ab,sverige,330.0,31.6,5.0,7.0,2.0,Passar till fläskPassar till lammPassar till sällskapsdryck,ale,extra special bitter,9.575757575757576
2863,blåbergen,mellanmörk lager,sverige,330.0,32.0,6.0,6.0,2.0,Passar till sällskapsdryckPassar till fläskPassar till lamm,mellanmörk lager,märzen och wienerstil,9.696969696969697
2864,brygglabbet,skogstokig ipa,sverige,330.0,35.9,8.0,8.0,2.0,Passar till lammPassar till nötPassar till sällskapsdryck,ale,india pale ale,10.878787878787879
2865,no. 5,double india pale ale,sverige,330.0,29.6,7.0,8.0,3.0,Passar till nötPassar till lammPassar till sällskapsdryck,ale,imperial/dubbel ipa,8.96969696969697
2866,dalslänningen pilsner,,sverige,330.0,28.8,4.0,5.0,1.0,Passar till fiskPassar till fågelPassar till fläskPassar till sällskapsdryck,ljus lager,pilsner,8.727272727272728
2867,chasing alaia,,sverige,330.0,23.8,7.0,6.0,1.0,Passar till lammPassar till nötPassar till sällskapsdryck,ale,golden/blond ale,7.212121212121213
2868,glabo gsb,glabo gårdsbryggeri ab,sverige,330.0,31.6,5.0,7.0,2.0,Passar till fläskPassar till lammPassar till sällskapsdryck,ale,extra special bitter,9.575757575757576
2869,blåbergen,mellanmörk lager,sverige,330.0,32.0,6.0,6.0,2.0,Passar till sällskapsdryckPassar till fläskPassar till lamm,mellanmörk lager,märzen och wienerstil,9.696969696969697
2870,brygglabbet,skogstokig ipa,sverige,330.0,35.9,8.0,8.0,2.0,Passar till lammPassar till nötPassar till sällskapsdryck,ale,india pale ale,10.878787878787879
2871,praktikanten rököl,jädraås bryggeri ab,sverige,330.0,28.9,6.0,6.0,3.0,Passar till lammPassar till fläskPassar till sällskapsdryck,mellanmörk lager,märzen och wienerstil,8.757575757575758
2872,häxkitteln nornorna urd,the odd house brewing company,sverige,330.0,49.9,7.0,9.0,2.0,Passar till lammPassar till nötPassar till viltPassar till sällskapsdryck,imperial porter och stout,,15.121212121212121
2873,friends,kärleksfika sour,sverige,330.0,39.9,2.0,5.0,1.0,Passar till sällskapsdryck,syrlig öl,berliner weisse,12.090909090909092
2874,bianca,quadruple lingonberry maple pancake lassi gose,belgien,500.0,124.9,,,,,övrig syrlig öl,,24.980000000000004
2875,barlindbeer,pôss,sverige,330.0,28.0,4.0,5.0,1.0,Passar till fiskPassar till skaldjurPassar till sällskapsdryckPassar till grönsaker,ljus lager,dortmunder och helles,8.484848484848486
2876,barbalarion ipa,brew sessions,sverige,440.0,44.8,7.0,6.0,2.0,Passar till lammPassar till nötPassar till sällskapsdryck,ale,new england ipa/hazy ipa,10.18181818181818
2877,madladdery,audumla,sverige,330.0,34.2,5.0,5.0,3.0,Passar till fågelPassar till fläskPassar till grönsakerPassar till sällskapsdryck,ale,new england ipa/hazy ipa,10.363636363636365
2878,unibärsum,moon-watcher,sverige,440.0,41.4,8.0,7.0,2.0,Passar till sällskapsdryckPassar till lammPassar till nöt,ale,india pale ale,9.409090909090908
2879,unibärsum,sentient life,sverige,440.0,41.4,7.0,7.0,3.0,Passar till lammPassar till nötPassar till sällskapsdryck,ale,india pale ale,9.409090909090908
2880,brewhuslän,,sverige,330.0,27.9,5.0,7.0,2.0,Passar till fläskPassar till grönsakerPassar till lammPassar till sällskapsdryck,mellanmörk lager,märzen och wienerstil,8.454545454545453
2881,i still dream about you,flying guru brewery,sverige,330.0,35.4,7.0,5.0,1.0,Passar till fågelPassar till fläskPassar till grönsakerPassar till sällskapsdryck,ale,new england ipa/hazy ipa,10.727272727272727
2882,fermenterarna,pink boots revolution,sverige,440.0,49.9,7.0,7.0,3.0,Passar till lammPassar till nötPassar till sällskapsdryck,ale,india pale ale,11.34090909090909
2883,sweet lovin,single hop pale ale,sverige,330.0,22.9,7.0,6.0,1.0,Passar till fläskPassar till lammPassar till sällskapsdryck,ale,amerikansk pale ale,6.939393939393939
2884,5mans,juicy b,sverige,440.0,36.8,8.0,6.0,1.0,Passar till lammPassar till nötPassar till sällskapsdryck,ale,new england ipa/hazy ipa,8.363636363636363
2885,o/o ichor - ekuanot dipa,o/o brewing,sverige,440.0,56.9,8.0,9.0,5.0,Passar till lammPassar till nötPassar till sällskapsdryck,ale,imperial/dubbel ipa,12.93181818181818
2886,möllys,deathmetal,sverige,330.0,49.9,5.0,9.0,9.0,Passar till dessertPassar till ost,ale,barley wine,15.121212121212121
2887,naparbier,deathwish,spanien,440.0,52.5,9.0,9.0,2.0,Passar till lammPassar till nötPassar till sällskapsdryck,ale,imperial/dubbel ipa,11.931818181818182
2888,to øl,tropical rumble,danmark,330.0,28.9,6.0,6.0,1.0,Passar till fläskPassar till lammPassar till sällskapsdryck,ale,session ipa,8.757575757575758
2889,zzz008,cognac ba stout,sverige,250.0,58.9,8.0,11.0,9.0,Passar till dessertPassar till sällskapsdryck,imperial porter och stout,,23.56
2890,defragmented mango,flying guru brewery,sverige,330.0,38.3,3.0,5.0,2.0,Passar till sällskapsdryckPassar till kryddstarktPassar till asiatisktPassar till fågel,övrig syrlig öl,,11.606060606060606
2891,helges hallonöl,,sverige,330.0,33.9,2.0,4.0,2.0,Passar till aperitifPassar till sällskapsdryck,övrig syrlig öl,,10.272727272727272
2892,rödbeta,jackdaw brewery,sverige,330.0,68.9,2.0,4.0,1.0,Passar till sällskapsdryck,övrig syrlig öl,,20.87878787878788
2893,rödö,bryggeri lager,sverige,330.0,24.9,4.0,4.0,1.0,Passar till fiskPassar till fläskPassar till grönsakerPassar till sällskapsdryck,ljus lager,dortmunder och helles,7.545454545454546
2894,respect,,sverige,330.0,28.1,4.0,4.0,1.0,Passar till fiskPassar till skaldjurPassar till sällskapsdryck,ljus lager,pilsner,8.515151515151516
2895,ten hands mana,,sverige,330.0,41.9,7.0,7.0,4.0,Passar till fläskPassar till lammPassar till sällskapsdryck,ale,india pale ale,12.696969696969695
2896,imperial stout,brygg3an i halmstad,sverige,330.0,39.5,7.0,8.0,5.0,Passar till nötPassar till viltPassar till sällskapsdryck,imperial porter och stout,,11.969696969696969
2897,fermenterarna,keep on climbing,sverige,440.0,49.9,7.0,7.0,3.0,Passar till lammPassar till nötPassar till sällskapsdryck,ale,new england ipa/hazy ipa,11.34090909090909
2898,gamla enskede bryggeri,havrecadabra,sverige,750.0,69.9,5.0,6.0,2.0,Passar till fågelPassar till fläskPassar till sällskapsdryck,ale,saison,9.32
2899,illbatting,traitor's porter oak aged,sverige,330.0,39.9,7.0,7.0,2.0,Passar till lammPassar till nötPassar till viltPassar till sällskapsdryck,torr porter och stout,,12.090909090909092
2900,yellow delight,,sverige,330.0,29.5,7.0,5.0,2.0,Passar till lammPassar till nötPassar till sällskapsdryck,ale,india pale ale,8.93939393939394
2901,the uncharted brewing company,ballsy badger,sverige,330.0,31.1,6.0,8.0,4.0,Passar till lammPassar till nötPassar till sällskapsdryck,ale,strong ale,9.424242424242426
2902,thomas hardy's ale,2020,storbritannien,330.0,77.0,4.0,8.0,9.0,Passar till ostPassar till sällskapsdryck,ale,barley wine,23.333333333333332
2903,lindheim avalon,,norge,375.0,94.9,2.0,6.0,1.0,Passar till sällskapsdryck,övrig syrlig öl,,25.306666666666665
2904,mj's bryggeri,sola ipa,sverige,330.0,25.9,6.0,7.0,3.0,Passar till fågelPassar till fläskPassar till sällskapsdryck,ale,india pale ale,7.848484848484848
2905,bergslagens dubbel ipa,,sverige,330.0,37.9,8.0,8.0,2.0,Passar till lammPassar till nötPassar till sällskapsdryck,ale,imperial/dubbel ipa,11.484848484848484
2906,nynäshamns ångbryggeri,mällsten mild,sverige,500.0,32.4,4.0,5.0,1.0,Passar till fläskPassar till fågelPassar till sällskapsdryck,ale,mild,6.4799999999999995
2907,winter ale,,sverige,330.0,26.9,5.0,6.0,3.0,Passar till fläskPassar till lammPassar till nötPassar till sällskapsdryck,ale,skotsk ale,8.15151515151515
2908,oppigårds vinter,2020/2021 ipl,sverige,330.0,24.9,7.0,6.0,2.0,Passar till fläskPassar till lammPassar till sällskapsdryck,ljus lager,modern stil/india pale lager,7.545454545454546
2909,winter ale,,sverige,330.0,45.0,6.0,8.0,5.0,Passar till lammPassar till nötPassar till viltPassar till sällskapsdryck,ale,brown ale,13.636363636363635
2910,nynäshamns ångbryggeri,rassaviken rököl,sverige,500.0,30.3,6.0,6.0,3.0,Passar till lammPassar till nötPassar till sällskapsdryck,annan öl,öl av flera typer/stilar,6.0600000000000005
2911,liljeholmens pilsner,hopsan brewing,sverige,330.0,23.1,6.0,6.0,1.0,Passar till fågelPassar till fläskPassar till grönsakerPassar till sällskapsdryck,ljus lager,pilsner,7.000000000000001
2912,amager,"double black mash rye whiskey version, 2021",danmark,750.0,229.0,7.0,12.0,10.0,Passar till dessertPassar till sällskapsdryck,imperial porter och stout,,30.533333333333335
2913,kvaser kveik ipa,brew sessions,sverige,440.0,46.9,7.0,6.0,2.0,Passar till fågelPassar till fläskPassar till lammPassar till sällskapsdryck,ale,india pale ale,10.659090909090908
2914,it wasnt always like this,flying guru brewery,sverige,330.0,38.3,2.0,4.0,1.0,Passar till sällskapsdryck,övrig syrlig öl,,11.606060606060606
2915,gamma frond,gamma brewing company,danmark,440.0,57.9,2.0,5.0,1.0,Passar till sällskapsdryck,syrlig öl,berliner weisse,13.15909090909091
2916,munklägrets,festweisse,sverige,330.0,25.9,3.0,3.0,2.0,Passar till fågelPassar till grönsakerPassar till kryddstarktPassar till sällskapsdryck,veteöl,hefeweizen,7.848484848484848
2917,autumna festum,,sverige,330.0,26.9,3.0,4.0,2.0,Passar till fågelPassar till grönsakerPassar till kryddstarktPassar till sällskapsdryck,veteöl,witbier,8.15151515151515
2918,illbatting,märzen lager,sverige,330.0,34.9,6.0,7.0,3.0,Passar till fläskPassar till grönsakerPassar till lammPassar till sällskapsdryck,mellanmörk lager,märzen och wienerstil,10.575757575757576
2919,helles,lager,sverige,330.0,21.9,4.0,5.0,1.0,Passar till fågelPassar till fiskPassar till grönsakerPassar till sällskapsdryck,ljus lager,dortmunder och helles,6.636363636363636
2920,alefarm brewing,no worries about what was dipa,danmark,440.0,54.9,7.0,9.0,3.0,Passar till lammPassar till nötPassar till sällskapsdryck,ale,imperial/dubbel ipa,12.477272727272727
2921,lockeby havsbris,california common,sverige,330.0,30.0,4.0,5.0,2.0,Passar till fågelPassar till fläskPassar till sällskapsdryck,mellanmörk lager,california common,9.090909090909092
2922,värmdö bryggeri,grönskärs lager,sverige,330.0,23.9,6.0,4.0,1.0,Passar till fläskPassar till lamm,ljus lager,modern stil/india pale lager,7.242424242424242
2923,refsunds ipa,,sverige,330.0,29.4,8.0,7.0,3.0,Passar till lammPassar till nötPassar till sällskapsdryck,ale,india pale ale,8.909090909090908
2924,illbatting,session ipa,sverige,330.0,29.9,8.0,5.0,1.0,Passar till lammPassar till nötPassar till sällskapsdryck,ale,session ipa,9.06060606060606
2925,happy hoppy viking,,danmark,330.0,35.9,7.0,9.0,3.0,Passar till lammPassar till nötPassar till viltPassar till sällskapsdryck,ale,imperial/dubbel ipa,10.878787878787879
2926,the gathering,,sverige,330.0,22.9,5.0,5.0,2.0,Passar till fågelPassar till grönsakerPassar till sällskapsdryckPassar till fläsk,ale,kölsch,6.939393939393939
2927,south plains jus zombie,saison du mort,sverige,330.0,21.9,4.0,5.0,1.0,Passar till sällskapsdryck,ale,saison,6.636363636363636
2928,ankaret lager,figeholms bryggeri ab,sverige,330.0,32.1,6.0,6.0,1.0,Passar till fågelPassar till fläskPassar till sällskapsdryck,ljus lager,modern stil/india pale lager,9.727272727272727
2929,nacka california lager,,sverige,330.0,23.9,2.0,3.0,1.0,Passar till fiskPassar till skaldjurPassar till sällskapsdryck,ljus lager,internationell stil,7.242424242424242
2930,nacka mexican lager,,sverige,330.0,23.9,2.0,3.0,1.0,Passar till sällskapsdryck,ljus lager,internationell stil,7.242424242424242
2931,gruvpigans guldiga,,sverige,330.0,29.5,5.0,5.0,2.0,Passar till fågelPassar till fläskPassar till sällskapsdryck,ljus lager,pilsner,8.93939393939394
2932,fresh & hazy,wet whistle brewery,sverige,330.0,32.0,9.0,6.0,1.0,Passar till sällskapsdryck,ale,new england ipa/hazy ipa,9.696969696969697
2933,hop notch,unskinny hop neipa,sverige,440.0,42.9,8.0,6.0,4.0,Passar till sällskapsdryckPassar till lammPassar till nöt,ale,new england ipa/hazy ipa,9.75
2934,vindhem vete,,sverige,330.0,28.8,3.0,4.0,1.0,Passar till kryddstarktPassar till fiskPassar till fågelPassar till sällskapsdryck,veteöl,witbier,8.727272727272728
2935,public service,,sverige,440.0,38.8,7.0,6.0,2.0,Passar till fläskPassar till lammPassar till nötPassar till sällskapsdryck,ale,amerikansk pale ale,8.818181818181818
2936,vega,easter ale,sverige,330.0,28.9,7.0,6.0,2.0,Passar till lammPassar till fläskPassar till sällskapsdryck,ale,amerikansk pale ale,8.757575757575758
2937,bock:,i'm still standing,sverige,330.0,29.9,6.0,5.0,1.0,Passar till fågelPassar till fläskPassar till sällskapsdryck,ale,india pale ale,9.06060606060606
2938,hop notch brewing,hello world!,sverige,440.0,34.5,7.0,6.0,1.0,Passar till lammPassar till nötPassar till sällskapsdryck,ale,session ipa,7.840909090909092
2939,rådanäs ekologiska saison,,sverige,330.0,24.9,4.0,5.0,1.0,Passar till fiskPassar till fågelPassar till sällskapsdryck,ale,saison,7.545454545454546
2940,bock:,i'm still standing,sverige,330.0,29.9,6.0,5.0,1.0,Passar till fågelPassar till fläskPassar till sällskapsdryck,ale,india pale ale,9.06060606060606
2941,hop notch brewing,hello world!,sverige,440.0,34.5,7.0,6.0,1.0,Passar till lammPassar till nötPassar till sällskapsdryck,ale,session ipa,7.840909090909092
2942,fresh & hazy,wet whistle brewery,sverige,330.0,32.0,9.0,6.0,1.0,Passar till sällskapsdryck,ale,new england ipa/hazy ipa,9.696969696969697
2943,ankaret lager,figeholms bryggeri ab,sverige,330.0,32.1,6.0,6.0,1.0,Passar till fågelPassar till fläskPassar till sällskapsdryck,ljus lager,modern stil/india pale lager,9.727272727272727
2944,nacka california lager,,sverige,330.0,23.9,2.0,3.0,1.0,Passar till fiskPassar till skaldjurPassar till sällskapsdryck,ljus lager,internationell stil,7.242424242424242
2945,nacka mexican lager,,sverige,330.0,23.9,2.0,3.0,1.0,Passar till sällskapsdryck,ljus lager,internationell stil,7.242424242424242
2946,gruvpigans guldiga,,sverige,330.0,29.5,5.0,5.0,2.0,Passar till fågelPassar till fläskPassar till sällskapsdryck,ljus lager,pilsner,8.93939393939394
2947,saltis brut ipa,,sverige,330.0,38.9,6.0,7.0,2.0,Passar till fågelPassar till fläskPassar till sällskapsdryck,ale,india pale ale,11.787878787878787
2948,ixo,,sverige,330.0,26.9,7.0,7.0,2.0,Passar till lammPassar till nötPassar till sällskapsdryck,ale,india pale ale,8.15151515151515
2949,lupulus,,sverige,330.0,26.9,6.0,6.0,2.0,Passar till fläskPassar till lammPassar till sällskapsdryck,ale,india pale ale,8.15151515151515
2950,pangpang,piña colada preacher,sverige,330.0,49.9,2.0,5.0,3.0,Passar till sällskapsdryck,övrig syrlig öl,,15.121212121212121
2951,perfectly squared brewing,a literal pace,sverige,330.0,25.9,7.0,7.0,3.0,Passar till sällskapsdryckPassar till fläskPassar till lamm,ale,amerikansk pale ale,7.848484848484848
2952,amarillo amber ale,,sverige,330.0,28.1,6.0,6.0,2.0,Passar till fläskPassar till lammPassar till sällskapsdryck,ale,amber ale,8.515151515151516
2953,perfectly squared brewing,north wood,sverige,330.0,25.9,6.0,6.0,2.0,Passar till fläskPassar till lammPassar till sällskapsdryck,ale,amerikansk pale ale,7.848484848484848
2954,hallon ale,,sverige,330.0,32.0,3.0,5.0,2.0,Passar till sällskapsdryck,annan öl,öl av flera typer/stilar,9.696969696969697
2955,wet whistle brewery,burger ale,sverige,330.0,27.0,6.0,6.0,2.0,Passar till fläskPassar till lammPassar till sällskapsdryck,ale,amerikansk pale ale,8.181818181818182
2956,hop notch roomies,,sverige,330.0,39.9,4.0,6.0,3.0,Passar till fågelPassar till fläskPassar till sällskapsdryck,veteöl,witbier,12.090909090909092
2957,snausarve bryggeri guldkust ipa,,sverige,330.0,36.0,7.0,7.0,3.0,Passar till fläskPassar till lammPassar till sällskapsdryck,ale,india pale ale,10.909090909090908
2958,nacka svensk brut triple ipa,,sverige,330.0,47.9,8.0,8.0,3.0,Passar till lammPassar till nötPassar till sällskapsdryck,ale,imperial/dubbel ipa,14.515151515151514
2959,gamma,go off,danmark,440.0,64.9,8.0,8.0,4.0,Passar till lammPassar till nötPassar till sällskapsdryck,ale,imperial/dubbel ipa,14.750000000000002
2960,north brewing,nbxtrack,storbritannien,440.0,49.9,8.0,7.0,2.0,Passar till lammPassar till nötPassar till sällskapsdryck,ale,india pale ale,11.34090909090909
2961,citra pale ale,,sverige,330.0,32.5,8.0,6.0,1.0,Passar till fågelPassar till fläskPassar till grönsakerPassar till sällskapsdryck,ale,amerikansk pale ale,9.848484848484848
2962,brewdog,mr president,storbritannien,330.0,34.9,9.0,8.0,3.0,Passar till lammPassar till nötPassar till sällskapsdryck,ale,imperial/dubbel ipa,10.575757575757576
2963,nyköping brewing,proper christmas,sverige,440.0,32.8,5.0,6.0,1.0,Passar till lammPassar till nötPassar till sällskapsdryck,torr porter och stout,,7.454545454545454
2964,edge x dugges,buzz,spanien,330.0,37.9,3.0,5.0,1.0,Passar till sällskapsdryckPassar till aperitif,syrlig öl,berliner weisse,11.484848484848484
2965,amager,hoodoo brown,danmark,750.0,180.0,7.0,11.0,10.0,Passar till dessertPassar till sällskapsdryck,imperial porter och stout,,24.0
2966,oude mûre tilquin à l'ancienne,gueuzerie tilquin,belgien,375.0,105.0,,,,,syrlig öl,frukt,28.000000000000004
2967,flying couch wireless water,,danmark,330.0,45.9,7.0,8.0,5.0,Passar till lammPassar till fläskPassar till sällskapsdryck,ale,imperial/dubbel ipa,13.90909090909091
2968,pangpang ipa i.p.a.,,sverige,440.0,39.9,8.0,7.0,2.0,Passar till fläskPassar till lammPassar till nötPassar till sällskapsdryck,ale,session ipa,9.068181818181818
2969,umeå ale,,sverige,330.0,24.9,5.0,5.0,2.0,Passar till sällskapsdryckPassar till fläskPassar till lamm,ale,amerikansk pale ale,7.545454545454546
2970,amager,hoodoo brown,danmark,750.0,180.0,7.0,11.0,10.0,Passar till dessertPassar till sällskapsdryck,imperial porter och stout,,24.0
2971,oude mûre tilquin à l'ancienne,gueuzerie tilquin,belgien,375.0,105.0,,,,,syrlig öl,frukt,28.000000000000004
2972,flying couch wireless water,,danmark,330.0,45.9,7.0,8.0,5.0,Passar till lammPassar till fläskPassar till sällskapsdryck,ale,imperial/dubbel ipa,13.90909090909091
2973,umeå,wiener,sverige,330.0,18.9,6.0,7.0,2.0,Passar till fläskPassar till grönsakerPassar till lammPassar till sällskapsdryck,mellanmörk lager,märzen och wienerstil,5.727272727272727
2974,zzz005,saison,sverige,250.0,29.9,7.0,6.0,1.0,Passar till sällskapsdryckPassar till fläskPassar till lammPassar till nöt,veteöl,hefeweizen,11.959999999999999
2975,kiruna bryggeri,double oat seven,sverige,330.0,43.0,8.0,8.0,2.0,Passar till lammPassar till nötPassar till sällskapsdryck,ale,imperial/dubbel ipa,13.030303030303031
2976,atomic garden,proton brewery,sverige,330.0,29.3,7.0,6.0,1.0,Passar till sällskapsdryckPassar till lammPassar till nöt,ale,amerikansk pale ale,8.878787878787879
2977,gamma,zig zag,danmark,440.0,49.9,6.0,5.0,2.0,Passar till fiskPassar till fågelPassar till sällskapsdryckPassar till grönsaker,ale,session ipa,11.34090909090909
2978,grisk,hornbeer,danmark,330.0,28.9,8.0,7.0,2.0,Passar till lammPassar till nötPassar till sällskapsdryck,ale,india pale ale,8.757575757575758
2979,st bernardus,christmas ale,belgien,750.0,79.9,4.0,8.0,3.0,Passar till fläskPassar till lammPassar till nötPassar till sällskapsdryck,ale,belgisk mörk ale,10.653333333333334
2980,snörsjö,lager,sverige,330.0,19.9,6.0,6.0,1.0,Passar till fiskPassar till fågelPassar till fläskPassar till sällskapsdryck,ljus lager,dortmunder och helles,6.030303030303029
2981,friends,chocolate vanilla cupcake imperial stout,sverige,330.0,58.9,6.0,9.0,10.0,Passar till dessertPassar till sällskapsdryck,imperial porter och stout,,17.848484848484848
2982,vismarlövs brygghus,ipa,sverige,330.0,25.0,8.0,7.0,2.0,Passar till lammPassar till nötPassar till sällskapsdryck,ale,india pale ale,7.575757575757576
2983,straffe hendrik heritage,"de halve maan, 2019",belgien,750.0,199.3,,,,,ale,abt och kvadrupel,26.57333333333333
2984,fuller's,organic honey dew,storbritannien,500.0,29.5,5.0,5.0,3.0,Passar till fågelPassar till fläskPassar till sällskapsdryckPassar till grönsaker,ale,golden/blond ale,5.8999999999999995
2985,skogsröj pale ale,pale ale,sverige,330.0,26.9,7.0,6.0,2.0,Passar till fläskPassar till lammPassar till sällskapsdryck,ale,amerikansk pale ale,8.15151515151515
2986,mipa,hantverksbryggeriet,sverige,330.0,28.0,7.0,6.0,1.0,Passar till lammPassar till nötPassar till sällskapsdryck,ale,india pale ale,8.484848484848486
2987,golden pineapple,lost island brewery,sverige,330.0,25.9,4.0,5.0,2.0,Passar till fågelPassar till fläskPassar till grönsakerPassar till sällskapsdryck,ale,golden/blond ale,7.848484848484848
2988,ölbryggeriet,the doctor,sverige,330.0,23.5,6.0,6.0,2.0,Passar till fläskPassar till lammPassar till grönsakerPassar till sällskapsdryck,ale,india pale ale,7.121212121212121
2989,ölsbo gårdsbryggeri,100% svensk ipa,sverige,330.0,29.4,7.0,6.0,1.0,Passar till fläskPassar till lammPassar till sällskapsdryck,ale,india pale ale,8.909090909090908
2990,ölsnedkeren,bärbegär,danmark,440.0,44.9,2.0,5.0,2.0,Passar till sällskapsdryckPassar till aperitif,syrlig öl,berliner weisse,10.204545454545453
2991,pale moon pilsner,,sverige,330.0,22.9,7.0,6.0,1.0,Passar till fläskPassar till lammPassar till nötPassar till sällskapsdryck,ljus lager,pilsner,6.939393939393939
2992,mj's bryggeri,i´m dreaming of a swedish summer,sverige,330.0,31.9,9.0,8.0,3.0,Passar till lammPassar till nötPassar till sällskapsdryck,ale,india pale ale,9.666666666666666
2993,falu röd,,sverige,330.0,31.9,7.0,6.0,2.0,Passar till fläskPassar till lammPassar till sällskapsdryck,ale,india pale ale,9.666666666666666
2994,kall pilsner,,sverige,330.0,23.9,6.0,6.0,2.0,Passar till fågelPassar till fiskPassar till grönsakerPassar till sällskapsdryck,ljus lager,pilsner,7.242424242424242
2995,helles,johannishus godsförvaltning,sverige,330.0,25.6,5.0,5.0,1.0,Passar till fiskPassar till fågelPassar till grönsakerPassar till sällskapsdryck,ljus lager,dortmunder och helles,7.757575757575758
2996,ten hands,goat yoga,sverige,330.0,36.9,8.0,6.0,2.0,Passar till fläskPassar till lammPassar till sällskapsdryck,ale,india pale ale,11.181818181818182
2997,nørrebro,bombay ipa,danmark,330.0,29.9,7.0,6.0,2.0,Passar till fläskPassar till lammPassar till sällskapsdryck,ale,india pale ale,9.06060606060606
2998,prime directive,belgian new england ipa,sverige,330.0,27.9,7.0,6.0,4.0,Passar till lammPassar till nötPassar till sällskapsdryck,ale,new england ipa/hazy ipa,8.454545454545453
2999,fryken vinter ale,,sverige,330.0,26.9,7.0,6.0,2.0,Passar till sällskapsdryckPassar till lammPassar till fläsk,ale,extra special bitter,8.15151515151515
3000,ölsbo gårdsbryggeri,svensk ekologisk apa,sverige,330.0,28.9,7.0,6.0,2.0,Passar till fläskPassar till lammPassar till sällskapsdryck,ale,amerikansk pale ale,8.757575757575758
3001,illbatting,påtår coffee stout,sverige,330.0,39.9,5.0,7.0,2.0,Passar till lammPassar till nötPassar till sällskapsdryck,imperial porter och stout,,12.090909090909092
3002,en riktig stor stark,,sverige,500.0,30.8,6.0,6.0,1.0,Passar till fläskPassar till lammPassar till nötPassar till sällskapsdryck,mellanmörk lager,märzen och wienerstil,6.16
3003,architect pale ale,2017,sverige,330.0,33.0,8.0,7.0,1.0,Passar till lammPassar till nötPassar till sällskapsdryck,ale,amerikansk pale ale,10.0
3004,södra,barley wine,sverige,330.0,29.9,6.0,8.0,6.0,Passar till lammPassar till nötPassar till sällskapsdryck,ale,barley wine,9.06060606060606
3005,fryken vinter ale,,sverige,330.0,26.9,7.0,6.0,2.0,Passar till sällskapsdryckPassar till lammPassar till fläsk,ale,extra special bitter,8.15151515151515
3006,arvika bryggeri,elis,sverige,330.0,26.7,5.0,5.0,1.0,Passar till fläskPassar till lammPassar till sällskapsdryck,,,8.09090909090909
3007,ett ögonblick,2018,sverige,330.0,28.6,8.0,7.0,1.0,Passar till lammPassar till nötPassar till sällskapsdryck,ale,india pale ale,8.666666666666668
3008,mjelga ale,,sverige,330.0,32.7,6.0,6.0,2.0,Passar till fläskPassar till lammPassar till sällskapsdryck,ale,engelsk pale ale och bitter,9.90909090909091
3009,motala,pils,sverige,330.0,20.0,4.0,4.0,1.0,Passar till fiskPassar till skaldjurPassar till sällskapsdryck,ljus lager,pilsner,6.0606060606060606
3010,allsta pilsner,,sverige,330.0,28.4,5.0,6.0,2.0,Passar till fågelPassar till fläskPassar till sällskapsdryck,ljus lager,pilsner,8.606060606060606
3011,g1 vasa lager,mälardalen brewing company,sverige,330.0,21.9,5.0,5.0,2.0,Passar till fiskPassar till fågelPassar till fläskPassar till sällskapsdryck,ljus lager,internationell stil,6.636363636363636
3012,värmdö bryggeri,grönskärs lager,sverige,500.0,28.9,6.0,6.0,1.0,Passar till fläskPassar till lammPassar till nötPassar till sällskapsdryck,ljus lager,pilsner,5.779999999999999
3013,djungeljos,,sverige,330.0,29.0,8.0,5.0,1.0,Passar till lammPassar till nötPassar till sällskapsdryck,ale,india pale ale,8.787878787878787
3014,kiruna bryggeri krn lager,kiruna bryggeri,sverige,330.0,32.0,6.0,7.0,2.0,Passar till lammPassar till nötPassar till sällskapsdryck,mellanmörk lager,polotmavý,9.696969696969697
3015,barlindbeer,påskefyr,sverige,330.0,29.9,7.0,6.0,2.0,Passar till fågelPassar till fläskPassar till sällskapsdryck,ale,amerikansk pale ale,9.06060606060606
3016,barley wine,beersmiths,sverige,330.0,35.0,4.0,8.0,8.0,Passar till ostPassar till dessert,ale,barley wine,10.606060606060606
3017,fors bryggeri,tropic thunder downunder,sverige,330.0,39.9,8.0,8.0,2.0,Passar till fågelPassar till fläskPassar till lammPassar till sällskapsdryck,ale,india pale ale,12.090909090909092
3018,the rhubarbarian,,sverige,330.0,29.9,1.0,4.0,1.0,Passar till aperitifPassar till sällskapsdryck,syrlig öl,berliner weisse,9.06060606060606
3019,selaön lager,,sverige,330.0,26.6,4.0,6.0,2.0,Passar till fiskPassar till skaldjurPassar till sällskapsdryck,ljus lager,modern stil/india pale lager,8.06060606060606
3020,kolsundet schwarzbier,,sverige,330.0,32.4,6.0,5.0,2.0,Passar till fläskPassar till lammPassar till nötPassar till sällskapsdryck,mörk lager,schwarzbier,9.818181818181818
3021,pray for rust,vilda bryggeri,sverige,330.0,29.5,4.0,6.0,2.0,Passar till fågelPassar till fläskPassar till sällskapsdryckPassar till fisk,ale,saison,8.93939393939394
3022,bergslagens stoutsministern,,sverige,330.0,41.9,7.0,9.0,5.0,Passar till lammPassar till nötPassar till viltPassar till sällskapsdryck,imperial porter och stout,,12.696969696969695
3023,wee heavy,,sverige,330.0,35.4,6.0,8.0,2.0,Passar till lammPassar till nötPassar till sällskapsdryck,ale,skotsk ale,10.727272727272727
3024,gamla enskede bryggeri,stora gungans extra porter,sverige,330.0,29.9,5.0,6.0,2.0,Passar till lammPassar till nötPassar till sällskapsdryck,torr porter och stout,,9.06060606060606
3025,justus,,sverige,330.0,31.9,6.0,6.0,2.0,Passar till sällskapsdryckPassar till fågelPassar till fläsk,ale,india pale ale,9.666666666666666
3026,stuck in a half nelson,pale ale,sverige,330.0,28.7,7.0,7.0,1.0,Passar till fläskPassar till lammPassar till sällskapsdryck,ale,amerikansk pale ale,8.696969696969695
3027,ånghest,steam beer,sverige,330.0,25.0,4.0,8.0,3.0,Passar till lammPassar till nötPassar till sällskapsdryck,mellanmörk lager,california common,7.575757575757576
3028,järtecken,,sverige,330.0,24.9,6.0,5.0,2.0,Passar till fågelPassar till fläskPassar till sällskapsdryck,ale,session ipa,7.545454545454546
3029,hawelkas brewing company,hoppily groove ipa,sverige,330.0,32.0,7.0,6.0,2.0,Passar till lammPassar till nötPassar till sällskapsdryck,ale,india pale ale,9.696969696969697
3030,no. 6,,sverige,330.0,25.9,6.0,7.0,2.0,Passar till fläskPassar till lammPassar till sällskapsdryck,ljus lager,ljus bocköl,7.848484848484848
3031,västkust ipa,hermesgårds bryggeri ab,sverige,330.0,23.9,7.0,7.0,2.0,Passar till lammPassar till nötPassar till sällskapsdryck,ale,india pale ale,7.242424242424242
3032,möllys trailer park lager,,sverige,330.0,29.9,5.0,5.0,1.0,Passar till fiskPassar till fågelPassar till fläskPassar till sällskapsdryck,ljus lager,modern stil/india pale lager,9.06060606060606
3033,grapefruit dream,lost island brewery ab,sverige,330.0,29.4,9.0,8.0,2.0,Passar till lammPassar till nötPassar till sällskapsdryck,ale,india pale ale,8.909090909090908
3034,klyfthanger #14,,sverige,330.0,29.5,1.0,4.0,2.0,Passar till sällskapsdryck,syrlig öl,berliner weisse,8.93939393939394
3035,tyrs pale ale,keane brewing,sverige,330.0,29.9,7.0,6.0,2.0,Passar till fläskPassar till lammPassar till nötPassar till sällskapsdryck,ale,amerikansk pale ale,9.06060606060606
3036,jackdaw brewery,fläder & rabarber,sverige,330.0,68.9,2.0,5.0,1.0,Passar till aperitifPassar till sällskapsdryck,övrig syrlig öl,,20.87878787878788
3037,ölsnedkeren,karl smart ne-ipa,danmark,440.0,48.9,8.0,8.0,2.0,Passar till lammPassar till nötPassar till sällskapsdryck,ale,india pale ale,11.113636363636363
3038,sörmlands,lager,sverige,330.0,24.7,5.0,6.0,1.0,Passar till fågelPassar till fläskPassar till sällskapsdryckPassar till grönsaker,ljus lager,modern stil/india pale lager,7.484848484848484
3039,rocket brewing company,möllans guld,sverige,330.0,19.9,5.0,5.0,1.0,Passar till fiskPassar till skaldjurPassar till sällskapsdryck,ljus lager,modern stil/india pale lager,6.030303030303029
3040,just chilin',,sverige,330.0,29.5,3.0,6.0,1.0,Passar till fågelPassar till fläskPassar till sällskapsdryck,ale,saison,8.93939393939394
3041,nättraby kvartersbryggeri,nunnornas ipa,sverige,330.0,29.4,8.0,6.0,2.0,Passar till fläskPassar till lammPassar till sällskapsdryck,ale,india pale ale,8.909090909090908
3042,rosenhill structor,ipa,sverige,330.0,35.9,8.0,7.0,3.0,Passar till lammPassar till nötPassar till sällskapsdryck,ale,india pale ale,10.878787878787879
3043,midnight stout,,sverige,330.0,59.9,7.0,10.0,9.0,Passar till dessertPassar till sällskapsdryck,imperial porter och stout,,18.151515151515152
3044,kiruna bryggeri,main stream lager,sverige,330.0,29.0,5.0,5.0,1.0,Passar till fågelPassar till fläskPassar till grönsakerPassar till sällskapsdryck,ljus lager,pilsner,8.787878787878787
3045,ofrälse brygghus,the big cone,sverige,500.0,42.9,6.0,6.0,2.0,Passar till fågelPassar till fläskPassar till grönsakerPassar till sällskapsdryck,ale,new england ipa/hazy ipa,8.58
3046,keane brewing,sif session ipa,sverige,330.0,29.9,7.0,5.0,1.0,Passar till lammPassar till nötPassar till sällskapsdryck,ale,session ipa,9.06060606060606
3047,keane brewing,hugin & munin,sverige,330.0,28.1,4.0,5.0,1.0,Passar till fiskPassar till grönsakerPassar till skaldjurPassar till sällskapsdryck,ljus lager,dortmunder och helles,8.515151515151516
3048,ten hands,daydream,sverige,330.0,39.9,3.0,5.0,1.0,Passar till sällskapsdryck,syrlig öl,berliner weisse,12.090909090909092
3049,nyköpings lager,nyköping brewing,sverige,330.0,19.9,6.0,6.0,1.0,Passar till fiskPassar till fågelPassar till fläskPassar till sällskapsdryck,ljus lager,dortmunder och helles,6.030303030303029
3050,vismarlövs brygghus,new england ipa,sverige,330.0,29.5,7.0,7.0,2.0,Passar till lammPassar till nötPassar till sällskapsdryck,ale,new england ipa/hazy ipa,8.93939393939394
3051,zzz006,helles lager,sverige,250.0,24.8,4.0,5.0,1.0,Passar till fiskPassar till fågelPassar till sällskapsdryckPassar till grönsaker,ljus lager,dortmunder och helles,9.92
3052,brewski,det är så här nu!,sverige,330.0,39.9,9.0,8.0,2.0,Passar till sällskapsdryckPassar till lammPassar till nöt,ale,imperial/dubbel ipa,12.090909090909092
3053,hawelkas brewing company,hoppily groove ipa,sverige,330.0,32.0,7.0,6.0,2.0,Passar till lammPassar till nötPassar till sällskapsdryck,ale,india pale ale,9.696969696969697
3054,rosenhill structor,ipa,sverige,330.0,35.9,8.0,7.0,3.0,Passar till lammPassar till nötPassar till sällskapsdryck,ale,india pale ale,10.878787878787879
3055,midnight stout,,sverige,330.0,59.9,7.0,10.0,9.0,Passar till dessertPassar till sällskapsdryck,imperial porter och stout,,18.151515151515152
3056,kiruna bryggeri,main stream lager,sverige,330.0,29.0,5.0,5.0,1.0,Passar till fågelPassar till fläskPassar till grönsakerPassar till sällskapsdryck,ljus lager,pilsner,8.787878787878787
3057,humlegårdh brygghus,american pale ale,sverige,330.0,27.4,6.0,6.0,1.0,Passar till lammPassar till nötPassar till sällskapsdryck,ale,amerikansk pale ale,8.303030303030303
3058,tyrs pale ale,keane brewing,sverige,330.0,29.9,7.0,6.0,2.0,Passar till fläskPassar till lammPassar till nötPassar till sällskapsdryck,ale,amerikansk pale ale,9.06060606060606
3059,jackdaw brewery,fläder & rabarber,sverige,330.0,68.9,2.0,5.0,1.0,Passar till aperitifPassar till sällskapsdryck,övrig syrlig öl,,20.87878787878788
3060,ölsnedkeren,karl smart ne-ipa,danmark,440.0,48.9,8.0,8.0,2.0,Passar till lammPassar till nötPassar till sällskapsdryck,ale,india pale ale,11.113636363636363
3061,sörmlands,lager,sverige,330.0,24.7,5.0,6.0,1.0,Passar till fågelPassar till fläskPassar till sällskapsdryckPassar till grönsaker,ljus lager,modern stil/india pale lager,7.484848484848484
3062,3 fonteinen cuvée,armand & gaston,belgien,375.0,109.0,2.0,5.0,1.0,Passar till aperitifPassar till fiskPassar till skaldjur,syrlig öl,gueuze,29.06666666666667
3063,wättle,krispig skymning,sverige,330.0,25.0,4.0,4.0,1.0,Passar till fiskPassar till fågelPassar till fläskPassar till sällskapsdryck,ljus lager,pilsner,7.575757575757576
3064,rocket brewing company,möllans guld,sverige,330.0,19.9,5.0,5.0,1.0,Passar till fiskPassar till skaldjurPassar till sällskapsdryck,ljus lager,modern stil/india pale lager,6.030303030303029
3065,just chilin',,sverige,330.0,29.5,3.0,6.0,1.0,Passar till fågelPassar till fläskPassar till sällskapsdryck,ale,saison,8.93939393939394
3066,nättraby kvartersbryggeri,nunnornas ipa,sverige,330.0,29.4,8.0,6.0,2.0,Passar till fläskPassar till lammPassar till sällskapsdryck,ale,india pale ale,8.909090909090908
3067,allsta,session ipa,sverige,330.0,31.4,5.0,4.0,1.0,Passar till sällskapsdryckPassar till grönsakerPassar till fågelPassar till fläsk,ale,india pale ale,9.515151515151516
3068,brygg3an i halmstad,belgic dream,sverige,330.0,24.9,4.0,7.0,1.0,Passar till fågelPassar till fläskPassar till grönsakerPassar till sällskapsdryck,ale,belgisk ljus ale,7.545454545454546
3069,unibärsum,clavius dipa,sverige,440.0,59.0,8.0,8.0,3.0,Passar till lammPassar till nötPassar till sällskapsdryck,ale,imperial/dubbel ipa,13.40909090909091
3070,upp brewing,dr. wheat,sverige,330.0,22.9,2.0,4.0,1.0,Passar till sällskapsdryckPassar till fiskPassar till grönsakerPassar till kryddstarkt,veteöl,hefeweizen,6.939393939393939
3071,mj's bryggeri,berliner blackberry,sverige,330.0,30.4,2.0,6.0,1.0,Passar till aperitifPassar till sällskapsdryck,syrlig öl,berliner weisse,9.212121212121211
3072,alefarm,inferno in paradise,danmark,440.0,54.9,7.0,8.0,4.0,Passar till lammPassar till nötPassar till sällskapsdryck,ale,imperial/dubbel ipa,12.477272727272727
3073,köstritzer,schwarzbier,tyskland,330.0,17.9,5.0,5.0,1.0,Passar till fläskPassar till lammPassar till nötPassar till sällskapsdryck,mörk lager,schwarzbier,5.424242424242424
3074,onna da island inna da sun,,sverige,330.0,34.9,2.0,4.0,1.0,Passar till sällskapsdryck,syrlig öl,berliner weisse,10.575757575757576
3075,me and my raz,,sverige,330.0,31.9,1.0,4.0,3.0,Passar till aperitifPassar till sällskapsdryck,övrig syrlig öl,,9.666666666666666
3076,blue sonja,,sverige,330.0,32.0,5.0,7.0,2.0,Passar till fläskPassar till lamm,ale,trippel,9.696969696969697
3077,vilda edge of time,,sverige,330.0,25.3,6.0,6.0,2.0,Passar till fläskPassar till fågelPassar till sällskapsdryck,ale,belgisk ljus ale,7.666666666666668
3078,gammelbacka fest,,sverige,500.0,29.9,6.0,6.0,2.0,Passar till lammPassar till nötPassar till sällskapsdryck,mellanmörk lager,märzen och wienerstil,5.9799999999999995
3079,torna härads porter,,sverige,330.0,24.9,6.0,6.0,2.0,Passar till lammPassar till nötPassar till viltPassar till sällskapsdryck,söt porter och stout,,7.545454545454546
3080,lavin snölager,pax brygghus ab,sverige,330.0,25.0,6.0,6.0,1.0,Passar till fläskPassar till fågelPassar till sällskapsdryckPassar till grönsaker,mellanmörk lager,märzen och wienerstil,7.575757575757576
3081,engelszell,trappisten weisse,österrike,330.0,29.9,3.0,5.0,2.0,Passar till kryddstarktPassar till grönsakerPassar till fiskPassar till fläsk,veteöl,hefeweizen,9.06060606060606
3082,remmarlöv,the hop hatch brown ale,sverige,330.0,24.7,7.0,7.0,2.0,Passar till sällskapsdryckPassar till lammPassar till nöt,ale,brown ale,7.484848484848484
3083,deus brut des flandres,2019,belgien,750.0,185.0,3.0,8.0,7.0,Passar till lammPassar till nötPassar till ostPassar till sällskapsdryck,,,24.666666666666668
3084,östersunds nya ångbryggeri,vinterlager,sverige,330.0,26.1,5.0,6.0,3.0,Passar till lammPassar till grönsakerPassar till fläskPassar till sällskapsdryck,mörk lager,dunkel,7.90909090909091
3085,all in brewing,pale ale,sverige,330.0,33.3,7.0,5.0,2.0,Passar till lammPassar till nötPassar till sällskapsdryck,ale,amerikansk pale ale,10.09090909090909
3086,möllys northen soul,,sverige,330.0,31.9,7.0,8.0,2.0,Passar till lammPassar till nötPassar till sällskapsdryck,annan öl,öl av flera typer/stilar,9.666666666666666
3087,golden ale,södra stockholms brygghus,sverige,330.0,25.4,6.0,6.0,2.0,Passar till sällskapsdryckPassar till fågelPassar till fiskPassar till fläsk,ale,golden/blond ale,7.696969696969696
3088,cb's påsk ale,,sverige,330.0,25.8,7.0,7.0,2.0,Passar till lammPassar till nötPassar till sällskapsdryck,ale,brown ale,7.818181818181818
3089,ten hands dragonfly,,sverige,330.0,39.9,8.0,8.0,3.0,Passar till fläskPassar till lammPassar till sällskapsdryck,ale,india pale ale,12.090909090909092
3090,5mans stout,,sverige,330.0,29.9,5.0,9.0,2.0,Passar till sällskapsdryckPassar till lammPassar till nötPassar till vilt,torr porter och stout,,9.06060606060606
3091,sigges stout,nyköpng brewing,sverige,440.0,42.9,7.0,9.0,7.0,Passar till dessertPassar till sällskapsdryck,imperial porter och stout,,9.75
3092,gbg haze,mosaic ipa,sverige,330.0,34.9,8.0,7.0,2.0,Passar till lammPassar till nötPassar till sällskapsdryck,ale,new england ipa/hazy ipa,10.575757575757576
3093,samuel smith,the famous taddy porter,storbritannien,355.0,22.9,4.0,6.0,1.0,Passar till fläskPassar till grönsakerPassar till sällskapsdryckPassar till skaldjur,torr porter och stout,,6.450704225352112
3094,la pirata,tremenda imperial ipa,spanien,330.0,29.9,8.0,8.0,3.0,Passar till lammPassar till nötPassar till sällskapsdryck,ale,imperial/dubbel ipa,9.06060606060606
3095,alefarm brewing,mornings on mission bay ipa,danmark,440.0,43.9,7.0,7.0,3.0,Passar till fläskPassar till lammPassar till sällskapsdryck,ale,new england ipa/hazy ipa,9.977272727272727
3096,hawelkas brewing company,unicycle dipa,sverige,330.0,36.9,8.0,8.0,2.0,Passar till lammPassar till nötPassar till sällskapsdryck,ale,imperial/dubbel ipa,11.181818181818182
3097,stigbergets,cascara sour,sverige,330.0,29.9,3.0,5.0,1.0,Passar till aperitifPassar till fiskPassar till fågelPassar till fläsk,övrig syrlig öl,,9.06060606060606
3098,kvarnagårdens,påsköl,sverige,330.0,29.9,6.0,6.0,3.0,Passar till lammPassar till nötPassar till sällskapsdryck,annan öl,öl av flera typer/stilar,9.06060606060606
3099,fermenterarna,pineapple masquerade,sverige,440.0,49.9,2.0,4.0,2.0,Passar till fågelPassar till kryddstarktPassar till asiatisktPassar till sällskapsdryck,övrig syrlig öl,,11.34090909090909
3100,the try out's,kveik ipa,sverige,440.0,44.9,7.0,7.0,1.0,Passar till fläskPassar till lammPassar till sällskapsdryck,ale,india pale ale,10.204545454545453
3101,ut i vår hage,,sverige,330.0,25.0,6.0,6.0,2.0,Passar till fågelPassar till fläskPassar till grönsakerPassar till sällskapsdryck,ale,belgisk ljus ale,7.575757575757576
3102,saison dupont,,belgien,750.0,65.0,5.0,7.0,2.0,Passar till fläskPassar till grönsakerPassar till lammPassar till sällskapsdryck,ale,saison,8.666666666666668
3103,arholma lager,västergården bryggeri ab,sverige,330.0,29.8,5.0,5.0,2.0,Passar till sällskapsdryckPassar till fiskPassar till fågelPassar till fläsk,mellanmörk lager,märzen och wienerstil,9.03030303030303
3104,kiruna bryggeri,hviit,sverige,330.0,33.0,4.0,4.0,1.0,Passar till sällskapsdryckPassar till fiskPassar till fläskPassar till fågel,annan öl,öl av flera typer/stilar,10.0
3105,sigges stout,nyköpng brewing,sverige,440.0,42.9,7.0,9.0,7.0,Passar till dessertPassar till sällskapsdryck,imperial porter och stout,,9.75
3106,snö vinteröl,,sverige,330.0,29.4,6.0,6.0,2.0,Passar till lammPassar till nötPassar till sällskapsdryck,ale,brown ale,8.909090909090908
3107,bryggare peters,julöl,sverige,330.0,29.4,7.0,7.0,2.0,Passar till lammPassar till nötPassar till viltPassar till sällskapsdryck,söt porter och stout,,8.909090909090908
3108,kvarnagårdens,påsköl,sverige,330.0,29.9,6.0,6.0,3.0,Passar till lammPassar till nötPassar till sällskapsdryck,annan öl,öl av flera typer/stilar,9.06060606060606
3109,fermenterarna,pineapple masquerade,sverige,440.0,49.9,2.0,4.0,2.0,Passar till fågelPassar till kryddstarktPassar till asiatisktPassar till sällskapsdryck,övrig syrlig öl,,11.34090909090909
3110,the try out's,kveik ipa,sverige,440.0,44.9,7.0,7.0,1.0,Passar till fläskPassar till lammPassar till sällskapsdryck,ale,india pale ale,10.204545454545453
3111,ut i vår hage,,sverige,330.0,25.0,6.0,6.0,2.0,Passar till fågelPassar till fläskPassar till grönsakerPassar till sällskapsdryck,ale,belgisk ljus ale,7.575757575757576
3112,saison dupont,,belgien,750.0,65.0,5.0,7.0,2.0,Passar till fläskPassar till grönsakerPassar till lammPassar till sällskapsdryck,ale,saison,8.666666666666668
3113,smooth criminal,mango apa,sverige,330.0,39.0,6.0,7.0,2.0,Passar till fläskPassar till grönsakerPassar till lammPassar till sällskapsdryck,ale,amerikansk pale ale,11.818181818181818
3114,golden ale,karlskrona mikrobryggeri,sverige,330.0,24.9,6.0,6.0,1.0,Passar till fågelPassar till fläskPassar till grönsakerPassar till sällskapsdryck,ale,golden/blond ale,7.545454545454546
3115,torsbo,lager,sverige,330.0,29.6,5.0,5.0,2.0,Passar till fågelPassar till fläskPassar till grönsakerPassar till sällskapsdryck,ljus lager,internationell stil,8.96969696969697
3116,torsbo,ale,sverige,330.0,26.6,8.0,6.0,1.0,Passar till lammPassar till nötPassar till sällskapsdryck,ale,amerikansk pale ale,8.06060606060606
3117,brygglabbet,kalsongläge pale ale,sverige,330.0,25.9,5.0,6.0,1.0,Passar till fågelPassar till fläskPassar till grönsakerPassar till sällskapsdryck,ale,amerikansk pale ale,7.848484848484848
3118,gute ipa,fårskallens citrussyrliga ipa,sverige,330.0,27.3,8.0,6.0,1.0,Passar till fläskPassar till lammPassar till sällskapsdryck,ale,india pale ale,8.272727272727273
3119,waxholm india pale ale,,sverige,330.0,28.9,7.0,7.0,2.0,Passar till fläskPassar till lammPassar till nötPassar till sällskapsdryck,ale,india pale ale,8.757575757575758
3120,bernard,bohemian winter ale,tjeckien,330.0,25.9,3.0,8.0,3.0,Passar till sällskapsdryckPassar till lammPassar till fläskPassar till grönsaker,ale,belgisk ljus ale,7.848484848484848
3121,göteborgs,easter session ipa eko,sverige,330.0,18.9,7.0,5.0,1.0,Passar till fågelPassar till fläskPassar till sällskapsdryck,ale,session ipa,5.727272727272727
3122,3 fonteinen,oude geuze,belgien,750.0,124.0,2.0,5.0,1.0,Passar till aperitifPassar till skaldjurPassar till sällskapsdryck,syrlig öl,gueuze,16.53333333333333
3123,bergslager,,sverige,330.0,28.7,6.0,5.0,2.0,Passar till fågelPassar till fläskPassar till sällskapsdryck,ljus lager,dortmunder och helles,8.696969696969695
3124,råå organic winter,,sverige,330.0,19.9,6.0,6.0,3.0,Passar till fläskPassar till lammPassar till nötPassar till sällskapsdryck,ale,engelsk pale ale och bitter,6.030303030303029
3125,mohawk,blizzard,sverige,330.0,39.9,6.0,9.0,6.0,Passar till lammPassar till nötPassar till sällskapsdryckPassar till vilt,imperial porter och stout,,12.090909090909092
3126,boo pils,,sverige,330.0,23.9,6.0,6.0,1.0,Passar till fläskPassar till lammPassar till sällskapsdryck,ljus lager,pilsner,7.242424242424242
3127,johnny quad,,sverige,330.0,41.9,4.0,8.0,4.0,Passar till lammPassar till nötPassar till sällskapsdryckPassar till vilt,ale,abt och kvadrupel,12.696969696969695
3128,the try out's,saison,sverige,440.0,39.9,4.0,5.0,1.0,Passar till fågelPassar till fläskPassar till grönsakerPassar till sällskapsdryck,ale,saison,9.068181818181818
3129,o/o 50/50 mosaic/azacca ipa,,sverige,440.0,44.9,8.0,7.0,3.0,Passar till lammPassar till nötPassar till sällskapsdryck,ale,new england ipa/hazy ipa,10.204545454545453
3130,the try out's kveik ipa,voss ddh,sverige,440.0,44.9,7.0,7.0,2.0,Passar till fläskPassar till lammPassar till sällskapsdryck,ale,india pale ale,10.204545454545453
3131,apex,power posing dipa,sverige,440.0,54.9,7.0,8.0,2.0,Passar till sällskapsdryckPassar till lammPassar till nöt,ale,imperial/dubbel ipa,12.477272727272727
3132,stamsjö,repslagar ipa,sverige,330.0,29.5,7.0,7.0,1.0,Passar till lammPassar till nötPassar till sällskapsdryck,ale,india pale ale,8.93939393939394
3133,dugges,nutty swirl,sverige,330.0,60.0,6.0,10.0,10.0,Passar till sällskapsdryckPassar till dessert,imperial porter och stout,,18.181818181818183
3134,menabrea,extra strong lager,italien,330.0,25.9,6.0,8.0,3.0,Passar till fläskPassar till grönsakerPassar till lammPassar till sällskapsdryck,ljus lager,starkare lager,7.848484848484848
3135,beerbliotek,single hop idaho,sverige,330.0,29.9,8.0,7.0,2.0,Passar till lammPassar till nötPassar till sällskapsdryck,ale,india pale ale,9.06060606060606
3136,friends,raspberry salty licorice sour gose,sverige,330.0,39.9,2.0,4.0,3.0,Passar till sällskapsdryck,syrlig öl,gose och lichtenhainer,12.090909090909092
3137,arkipelager,,sverige,330.0,24.9,4.0,4.0,2.0,Passar till fiskPassar till fågelPassar till fläskPassar till sällskapsdryck,ljus lager,dortmunder och helles,7.545454545454546
3138,business as usual,spike brewery,sverige,440.0,48.0,8.0,8.0,2.0,Passar till lammPassar till nötPassar till sällskapsdryck,ale,imperial/dubbel ipa,10.909090909090908
3139,ängöl nzipa,,sverige,440.0,43.5,5.0,6.0,2.0,Passar till fågelPassar till fläskPassar till grönsakerPassar till sällskapsdryck,ale,new england ipa/hazy ipa,9.886363636363637
3140,modern lager no2,södra stockholms brygghus ab,sverige,330.0,22.7,6.0,5.0,2.0,Passar till sällskapsdryckPassar till grönsakerPassar till fågelPassar till fläsk,ljus lager,modern stil/india pale lager,6.878787878787879
3141,hörte pilsner,sydkustens gårdsbryggeri,sverige,330.0,26.4,5.0,5.0,1.0,Passar till fiskPassar till grönsakerPassar till skaldjurPassar till sällskapsdryck,ljus lager,modern stil/india pale lager,8.0
3142,glabo lager,glabo gårdsbryggeri ab,sverige,330.0,33.0,6.0,6.0,1.0,Passar till fiskPassar till fågelPassar till fläskPassar till sällskapsdryck,ljus lager,ljus bocköl,10.0
3143,ahlafors påsk lager,ahlafors bryggerier ab,sverige,330.0,24.8,6.0,7.0,2.0,Passar till lammPassar till nötPassar till sällskapsdryck,mörk lager,schwarzbier,7.515151515151515
3144,vareböke bryggeri,jungle sour,sverige,330.0,31.9,3.0,5.0,1.0,Passar till aperitifPassar till sällskapsdryck,övrig syrlig öl,,9.666666666666666
3145,påsk chocolate milk stout,,sverige,330.0,25.1,7.0,7.0,6.0,Passar till lammPassar till viltPassar till nötPassar till sällskapsdryck,söt porter och stout,,7.606060606060606
3146,hönö påsköl,hönöbryggeriet,sverige,330.0,30.9,6.0,7.0,2.0,Passar till fläskPassar till lammPassar till nötPassar till sällskapsdryck,ale,brown ale,9.363636363636363
3147,foeder unblended,,sverige,750.0,99.0,2.0,5.0,1.0,Passar till aperitifPassar till fiskPassar till skaldjurPassar till sällskapsdryck,övrig syrlig öl,,13.200000000000001
3148,lager #4,,sverige,330.0,24.9,4.0,4.0,1.0,Passar till fiskPassar till skaldjurPassar till sällskapsdryck,ljus lager,modern stil/india pale lager,7.545454545454546
3149,keane brewing,blonde,sverige,330.0,29.9,6.0,5.0,1.0,Passar till fågelPassar till fläskPassar till lammPassar till sällskapsdryck,ale,golden/blond ale,9.06060606060606
3150,arkipelager,,sverige,330.0,24.9,4.0,4.0,2.0,Passar till fiskPassar till fågelPassar till fläskPassar till sällskapsdryck,ljus lager,dortmunder och helles,7.545454545454546
3151,business as usual,spike brewery,sverige,440.0,48.0,8.0,8.0,2.0,Passar till lammPassar till nötPassar till sällskapsdryck,ale,imperial/dubbel ipa,10.909090909090908
3152,100% natural,,sverige,375.0,98.1,,,,,övrig syrlig öl,,26.16
3153,blueberry christmas story,,sverige,330.0,45.0,5.0,10.0,10.0,Passar till dessertPassar till sällskapsdryck,imperial porter och stout,,13.636363636363635
3154,foeder unblended,,sverige,750.0,99.0,2.0,5.0,1.0,Passar till aperitifPassar till fiskPassar till skaldjurPassar till sällskapsdryck,övrig syrlig öl,,13.200000000000001
3155,la trappe,quadrupel,nederländerna,330.0,34.9,5.0,8.0,5.0,Passar till ostPassar till lammPassar till nötPassar till sällskapsdryck,ale,abt och kvadrupel,10.575757575757576
3156,ängöl nzipa,,sverige,440.0,43.5,5.0,6.0,2.0,Passar till fågelPassar till fläskPassar till grönsakerPassar till sällskapsdryck,ale,new england ipa/hazy ipa,9.886363636363637
3157,modern lager no2,södra stockholms brygghus ab,sverige,330.0,22.7,6.0,5.0,2.0,Passar till sällskapsdryckPassar till grönsakerPassar till fågelPassar till fläsk,ljus lager,modern stil/india pale lager,6.878787878787879
3158,hörte pilsner,sydkustens gårdsbryggeri,sverige,330.0,26.4,5.0,5.0,1.0,Passar till fiskPassar till grönsakerPassar till skaldjurPassar till sällskapsdryck,ljus lager,modern stil/india pale lager,8.0
3159,o/o 50/50 mosaic/azacca ipa,,sverige,440.0,44.9,8.0,7.0,3.0,Passar till lammPassar till nötPassar till sällskapsdryck,ale,new england ipa/hazy ipa,10.204545454545453
3160,the try out's kveik ipa,voss ddh,sverige,440.0,44.9,7.0,7.0,2.0,Passar till fläskPassar till lammPassar till sällskapsdryck,ale,india pale ale,10.204545454545453
3161,herman hedning,selfish bastard,sverige,500.0,39.0,6.0,7.0,2.0,Passar till lammPassar till nötPassar till sällskapsdryckPassar till vilt,torr porter och stout,,7.8
3162,herman hedning,belzebub blanche bastard,sverige,500.0,35.5,3.0,4.0,1.0,Passar till fiskPassar till fågelPassar till grönsakerPassar till sällskapsdryck,veteöl,witbier,7.1
3163,fuller's,winter brew,storbritannien,500.0,29.9,7.0,7.0,2.0,Passar till fläskPassar till lammPassar till nötPassar till sällskapsdryck,ale,old ale,5.9799999999999995
3164,nitro,milk stout,usa,355.0,29.9,7.0,7.0,3.0,Passar till lammPassar till nötPassar till sällskapsdryckPassar till vilt,söt porter och stout,,8.422535211267606
3165,fermenteriets,black ipa,sverige,330.0,33.8,7.0,6.0,1.0,Passar till lammPassar till nötPassar till viltPassar till sällskapsdryck,ale,black ipa,10.242424242424242
3166,schwartzman,stout,sverige,330.0,28.4,7.0,7.0,2.0,Passar till nötPassar till sällskapsdryckPassar till vilt,torr porter och stout,,8.606060606060606
3167,burgsviks bryggeri comet,,sverige,330.0,24.9,9.0,7.0,2.0,Passar till lammPassar till nötPassar till sällskapsdryck,ale,india pale ale,7.545454545454546
3168,vega,strong ale,sverige,330.0,39.9,8.0,7.0,2.0,Passar till sällskapsdryckPassar till fågelPassar till fläsk,ale,strong ale,12.090909090909092
3169,södra stout,,sverige,330.0,32.9,7.0,8.0,5.0,Passar till lammPassar till nötPassar till viltPassar till sällskapsdryck,imperial porter och stout,,9.969696969696969
3170,lockeby,midvinternatt,sverige,750.0,107.3,5.0,7.0,4.0,Passar till nötPassar till lammPassar till sällskapsdryck,mörk lager,dubbelbock,14.306666666666668
3171,amager,pink farts & unicorn,danmark,330.0,31.4,8.0,7.0,2.0,Passar till nötPassar till lammPassar till sällskapsdryck,ljus lager,modern stil/india pale lager,9.515151515151516
3172,strandlida bryggeri,ipa,sverige,330.0,24.4,8.0,7.0,3.0,Passar till lammPassar till nötPassar till sällskapsdryck,ale,india pale ale,7.393939393939393
3173,bryggarbackens,winter ale,sverige,330.0,26.7,6.0,6.0,3.0,Passar till lammPassar till nötPassar till sällskapsdryckPassar till fläsk,ale,brown ale,8.09090909090909
3174,fuller's,winter brew,storbritannien,500.0,29.9,7.0,7.0,2.0,Passar till fläskPassar till lammPassar till nötPassar till sällskapsdryck,ale,old ale,5.9799999999999995
3175,nitro,milk stout,usa,355.0,29.9,7.0,7.0,3.0,Passar till lammPassar till nötPassar till sällskapsdryckPassar till vilt,söt porter och stout,,8.422535211267606
3176,smooth & spicy,wet whistle brewery,sverige,330.0,30.0,5.0,5.0,1.0,Passar till fågelPassar till fläskPassar till sällskapsdryck,ale,saison,9.090909090909092
3177,stjernsund brygghus,emerentia,sverige,330.0,26.9,7.0,6.0,2.0,Passar till lammPassar till nötPassar till sällskapsdryck,ale,amerikansk pale ale,8.15151515151515
3178,nomada la manchurita,kombucha gose,spanien,330.0,27.9,2.0,3.0,1.0,Passar till fiskPassar till skaldjurPassar till sällskapsdryck,syrlig öl,gose och lichtenhainer,8.454545454545453
3179,dry hopped mosaic farmhouse ale,,sverige,375.0,59.0,3.0,5.0,1.0,Passar till fiskPassar till skaldjurPassar till sällskapsdryck,övrig syrlig öl,,15.733333333333333
3180,dry hopped mosaic farmhouse ale,,sverige,375.0,59.0,3.0,5.0,1.0,Passar till fiskPassar till skaldjurPassar till sällskapsdryck,övrig syrlig öl,,15.733333333333333
3181,koge's break,,sverige,330.0,33.0,6.0,6.0,5.0,Passar till sällskapsdryck,imperial porter och stout,,10.0
3182,husaren pilsner,,sverige,330.0,24.9,6.0,6.0,1.0,Passar till fågelPassar till fläskPassar till sällskapsdryckPassar till grönsaker,ljus lager,pilsner,7.545454545454546
3183,fermenterarna,en gose som kveikar,sverige,330.0,36.9,1.0,4.0,3.0,Passar till aperitifPassar till sällskapsdryckPassar till fågelPassar till fläsk,syrlig öl,gose och lichtenhainer,11.181818181818182
3184,mick & jack lager,,sverige,330.0,28.9,6.0,7.0,2.0,Passar till lammPassar till nötPassar till sällskapsdryck,ljus lager,modern stil/india pale lager,8.757575757575758
3185,duckpond humblebrag dipa,duckpond brewing,sverige,440.0,54.9,8.0,8.0,4.0,Passar till lammPassar till nötPassar till sällskapsdryck,ale,imperial/dubbel ipa,12.477272727272727
3186,remmarlöv,sour black currant vanilla,sverige,330.0,29.9,2.0,5.0,1.0,Passar till sällskapsdryck,syrlig öl,berliner weisse,9.06060606060606
3187,säsong,mariatorgets mikrobryggeri,sverige,330.0,34.9,3.0,5.0,1.0,Passar till fläskPassar till fågelPassar till sällskapsdryck,övrig syrlig öl,,10.575757575757576
3188,nerdbrewing infix,vanilla macchiato imperial milk stout,sverige,330.0,79.9,7.0,10.0,10.0,Passar till dessertPassar till sällskapsdryck,imperial porter och stout,,24.21212121212121
3189,ofrälse brygghus,mangos deluxe,sverige,440.0,42.9,2.0,5.0,2.0,Passar till sällskapsdryckPassar till fågelPassar till fläsk,syrlig öl,gose och lichtenhainer,9.75
3190,duckpond,the ugly dipa,sverige,440.0,54.9,8.0,8.0,4.0,Passar till lammPassar till nötPassar till sällskapsdryck,ale,imperial/dubbel ipa,12.477272727272727
3191,peach raiders,vilda bryggeri,sverige,375.0,51.3,2.0,5.0,1.0,Passar till aperitifPassar till sällskapsdryck,övrig syrlig öl,,13.68
3192,indexoutofbounds,"oak aged imperial vanilla stout - mole edition, 2021",sverige,330.0,79.9,7.0,11.0,9.0,Passar till dessertPassar till sällskapsdryck,imperial porter och stout,,24.21212121212121
3193,akia brygghus,ollio west coast ipa,sverige,440.0,39.6,7.0,7.0,4.0,Passar till fläskPassar till lammPassar till sällskapsdryck,ale,india pale ale,9.0
3194,fryksdalens,amerikansk ipa,sverige,330.0,25.1,7.0,6.0,2.0,Passar till fläskPassar till lammPassar till sällskapsdryck,ale,india pale ale,7.606060606060606
3195,good guys brew,dont hurt my peelings ipa,sverige,330.0,32.9,9.0,7.0,2.0,Passar till lammPassar till nötPassar till sällskapsdryck,ale,india pale ale,9.969696969696969
3196,najudden,imperial lakrits stout,sverige,330.0,59.0,5.0,11.0,9.0,Passar till sällskapsdryck,imperial porter och stout,,17.87878787878788
3197,gransus,,sverige,330.0,33.5,5.0,8.0,3.0,Passar till grönsakerPassar till lammPassar till nötPassar till sällskapsdryck,annan öl,öl av flera typer/stilar,10.151515151515152
3198,bötet barley wine,2019,sverige,250.0,36.0,6.0,8.0,6.0,Passar till lammPassar till nötPassar till ostPassar till vilt,ale,barley wine,14.399999999999999
3199,to øl jule,malt imperial milk stout,danmark,330.0,49.9,7.0,10.0,9.0,Passar till sällskapsdryck,imperial porter och stout,,15.121212121212121
3200,founders,ba underground mountain brown,usa,355.0,54.9,4.0,9.0,6.0,Passar till lammPassar till nötPassar till sällskapsdryckPassar till vilt,ale,brown ale,15.464788732394366
3201,winter ale,subbe bryggeri ab,sverige,330.0,29.6,6.0,6.0,3.0,Passar till fläskPassar till lammPassar till nötPassar till sällskapsdryck,ale,brown ale,8.96969696969697
3202,ten fidy imperial stout,,usa,355.0,49.9,8.0,10.0,4.0,Passar till nötPassar till sällskapsdryckPassar till vilt,imperial porter och stout,,14.056338028169012
3203,after the goldrush,åre bryggcompagni,sverige,330.0,37.9,8.0,8.0,4.0,Passar till lammPassar till nötPassar till sällskapsdryck,ale,imperial/dubbel ipa,11.484848484848484
3204,apex,hades ipa,sverige,440.0,49.9,5.0,7.0,3.0,Passar till fågelPassar till fläskPassar till grönsakerPassar till sällskapsdryck,ale,new england ipa/hazy ipa,11.34090909090909
3205,stenstugan apl,bryggeri stenstugan,sverige,330.0,29.9,7.0,5.0,1.0,Passar till sällskapsdryckPassar till fågelPassar till fläskPassar till grönsaker,ljus lager,modern stil/india pale lager,9.06060606060606
3206,mårten the gose,,sverige,330.0,29.9,4.0,5.0,1.0,Passar till fågelPassar till asiatisktPassar till kryddstarktPassar till sällskapsdryck,syrlig öl,gose och lichtenhainer,9.06060606060606
3207,remmarlöv supersonic hazy ipa,remmarlöv gårdsbryggeri,sverige,440.0,36.9,7.0,7.0,2.0,Passar till lammPassar till nötPassar till sällskapsdryck,ale,new england ipa/hazy ipa,8.386363636363637
3208,fryksdalens bryggeri,bärnstenslager,sverige,330.0,22.3,6.0,6.0,1.0,Passar till fågelPassar till fläskPassar till grönsakerPassar till sällskapsdryck,mellanmörk lager,märzen och wienerstil,6.757575757575758
3209,sigtuna & põhjala,beach breeze,sverige,330.0,29.9,2.0,4.0,2.0,Passar till aperitifPassar till sällskapsdryck,övrig syrlig öl,,9.06060606060606
3210,founders,ba underground mountain brown,usa,355.0,54.9,4.0,9.0,6.0,Passar till lammPassar till nötPassar till sällskapsdryckPassar till vilt,ale,brown ale,15.464788732394366
3211,any given name,sonny,sverige,330.0,29.9,4.0,5.0,2.0,Passar till fågelPassar till fläskPassar till grönsakerPassar till sällskapsdryck,ale,saison,9.06060606060606
3212,hawelkas brewing company,simcoe smash,sverige,330.0,29.1,8.0,6.0,1.0,Passar till lammPassar till fläskPassar till sällskapsdryck,ale,amerikansk pale ale,8.818181818181818
3213,alefarm brewing/gipsy hill,show me colors dipa,danmark,440.0,50.9,6.0,8.0,4.0,Passar till grönsakerPassar till lammPassar till nötPassar till sällskapsdryck,ale,imperial/dubbel ipa,11.568181818181818
3214,any given name,benny,sverige,330.0,27.9,2.0,4.0,1.0,Passar till aperitifPassar till sällskapsdryckPassar till fiskPassar till skaldjur,syrlig öl,berliner weisse,8.454545454545453
3215,bergslagens,simcorillo ipa,sverige,330.0,29.9,7.0,6.0,2.0,Passar till lammPassar till nötPassar till sällskapsdryck,ale,india pale ale,9.06060606060606
3216,gute pilsner,fårskallens aromsöta pilsner,sverige,330.0,23.2,7.0,6.0,2.0,Passar till fiskPassar till fågelPassar till fläskPassar till sällskapsdryck,ljus lager,pilsner,7.030303030303029
3217,137:ans,modern lager,sverige,330.0,22.2,4.0,5.0,1.0,Passar till sällskapsdryckPassar till fiskPassar till skaldjur,ljus lager,modern stil/india pale lager,6.7272727272727275
3218,duckpond,frooty froots,sverige,330.0,44.9,2.0,5.0,1.0,Passar till aperitifPassar till sällskapsdryck,syrlig öl,berliner weisse,13.606060606060606
3219,eskilstuna ölkultur granskott,eskilstuna ölkultur,sverige,330.0,32.5,6.0,6.0,1.0,Passar till sällskapsdryckPassar till fågelPassar till fläsk,ale,saison,9.848484848484848
3220,vilda,entangled ipa,sverige,330.0,26.6,6.0,7.0,1.0,Passar till fläskPassar till fågelPassar till sällskapsdryck,ale,india pale ale,8.06060606060606
3221,två feta grisar,de vos quadrupel,sverige,330.0,39.1,5.0,7.0,3.0,Passar till sällskapsdryckPassar till lammPassar till nöt,ale,abt och kvadrupel,11.848484848484848
3222,ryssby golden ale,,sverige,330.0,29.9,6.0,6.0,2.0,Passar till fågelPassar till fläskPassar till sällskapsdryck,ale,belgisk ljus ale,9.06060606060606
3223,3 fonteinen tuverbol,"3 fonteinen, 2019",belgien,375.0,109.0,6.0,7.0,2.0,Passar till fläskPassar till sällskapsdryckPassar till lamm,ale,trippel,29.06666666666667
3224,danvik belgo dipa,,sverige,330.0,34.9,6.0,8.0,1.0,Passar till lammPassar till nötPassar till sällskapsdryck,ale,belgisk ljus ale,10.575757575757576
3225,tö påsköl,,sverige,330.0,26.5,7.0,5.0,1.0,Passar till lammPassar till nötPassar till sällskapsdryck,ale,brown ale,8.030303030303031
3226,137:ans,modern lager,sverige,330.0,22.2,4.0,5.0,1.0,Passar till sällskapsdryckPassar till fiskPassar till skaldjur,ljus lager,modern stil/india pale lager,6.7272727272727275
3227,hej tomtegubbar,,sverige,330.0,24.7,6.0,6.0,1.0,Passar till lammPassar till fläskPassar till sällskapsdryck,ale,brown ale,7.484848484848484
3228,österlen,maltglögg,sverige,750.0,88.8,4.0,7.0,10.0,Passar till sällskapsdryck,annan öl,öl av flera typer/stilar,11.84
3229,wedge cut,,usa,355.0,24.9,5.0,5.0,1.0,Passar till sällskapsdryckPassar till kryddstarktPassar till grönsakerPassar till fågel,veteöl,witbier,7.014084507042254
3230,graffitisthlm,kaos pils,sverige,440.0,30.9,7.0,6.0,1.0,Passar till fågelPassar till fläskPassar till lammPassar till sällskapsdryck,ljus lager,modern stil/india pale lager,7.0227272727272725
3231,danvik belgo dipa,,sverige,330.0,34.9,6.0,8.0,1.0,Passar till lammPassar till nötPassar till sällskapsdryck,ale,belgisk ljus ale,10.575757575757576
3232,älvsby,julöl,sverige,330.0,23.1,6.0,6.0,2.0,Passar till sällskapsdryckPassar till lammPassar till nötPassar till fläsk,ale,amerikansk pale ale,7.000000000000001
3233,ulfberth,kornheddinge bryggerikompani,sverige,330.0,39.3,6.0,8.0,3.0,Passar till fågelPassar till fläskPassar till lamm,ale,belgisk ljus ale,11.909090909090908
3234,limestone,lager,sverige,330.0,25.2,5.0,5.0,2.0,Passar till fiskPassar till skaldjurPassar till sällskapsdryck,ljus lager,modern stil/india pale lager,7.636363636363636
3235,hoppy wheat,,sverige,330.0,28.1,4.0,4.0,2.0,Passar till fiskPassar till fläskPassar till kryddstarktPassar till sällskapsdryck,veteöl,övrig veteöl,8.515151515151516
3236,herslev organic ipa,,danmark,330.0,30.9,7.0,6.0,2.0,Passar till lammPassar till nötPassar till sällskapsdryck,ale,india pale ale,9.363636363636363
3237,treudd,saison,sverige,330.0,39.0,5.0,6.0,2.0,Passar till fiskPassar till fågelPassar till fläskPassar till sällskapsdryck,ale,saison,11.818181818181818
3238,sahlins brygghus,ipa,sverige,330.0,34.9,7.0,6.0,2.0,Passar till lammPassar till nötPassar till sällskapsdryck,ale,india pale ale,10.575757575757576
3239,morgondagens acrobaticats,,sverige,330.0,39.9,1.0,4.0,1.0,Passar till fiskPassar till aperitifPassar till sällskapsdryckPassar till skaldjur,syrlig öl,berliner weisse,12.090909090909092
3240,närke kulturbryggeri,katalysator rauchbock,sverige,330.0,35.9,5.0,6.0,3.0,Passar till fläskPassar till lammPassar till nötPassar till sällskapsdryck,annan öl,öl av flera typer/stilar,10.878787878787879
3241,joars skvattram,,sverige,330.0,32.5,4.0,5.0,2.0,Passar till fågelPassar till fläskPassar till sällskapsdryckPassar till grönsaker,annan öl,öl av flera typer/stilar,9.848484848484848
3242,lilla edet bryggeri,inferno 1888,sverige,330.0,24.9,6.0,6.0,1.0,Passar till fläskPassar till lammPassar till sällskapsdryck,ale,extra special bitter,7.545454545454546
3243,stjernsund,vinterbrygd,sverige,330.0,31.7,7.0,6.0,2.0,Passar till fläskPassar till lammPassar till nötPassar till sällskapsdryck,mörk lager,dunkel,9.606060606060606
3244,x-mas is coming,,sverige,330.0,26.2,5.0,6.0,2.0,Passar till fågelPassar till fläskPassar till grönsakerPassar till sällskapsdryck,ale,belgisk ljus ale,7.9393939393939394
3245,sahlins brygghus,ipa,sverige,330.0,34.9,7.0,6.0,2.0,Passar till lammPassar till nötPassar till sällskapsdryck,ale,india pale ale,10.575757575757576
3246,morgondagens acrobaticats,,sverige,330.0,39.9,1.0,4.0,1.0,Passar till fiskPassar till aperitifPassar till sällskapsdryckPassar till skaldjur,syrlig öl,berliner weisse,12.090909090909092
3247,brygglabbet,såja såja... ingefära,sverige,330.0,29.9,3.0,4.0,1.0,Passar till sällskapsdryck,annan öl,öl av flera typer/stilar,9.06060606060606
3248,burgsviks bryggeri dricku,,sverige,330.0,21.9,5.0,6.0,2.0,Passar till lammPassar till nötPassar till sällskapsdryck,annan öl,öl av flera typer/stilar,6.636363636363636
3249,beerbliotek x north brewing co,fancy meeting you here,sverige,330.0,29.9,7.0,6.0,2.0,Passar till fågelPassar till fläskPassar till sällskapsdryck,ale,session ipa,9.06060606060606
3250,svartbergets fjällbryggeri,undercover mission,sverige,330.0,38.2,8.0,8.0,3.0,Passar till lammPassar till nötPassar till sällskapsdryck,ale,imperial/dubbel ipa,11.575757575757576
3251,dugges the south,dugges bryggeri,sverige,330.0,35.0,9.0,8.0,3.0,Passar till lammPassar till nötPassar till sällskapsdryck,ale,india pale ale,10.606060606060606
3252,stigbergets  iconic,,sverige,440.0,32.9,7.0,7.0,2.0,Passar till lammPassar till nötPassar till sällskapsdryck,ale,session ipa,7.477272727272727
3253,ofrälse brygghus,pomme de bière,sverige,440.0,36.9,5.0,6.0,1.0,Passar till sällskapsdryckPassar till fågelPassar till fläsk,ale,belgisk ljus ale,8.386363636363637
3254,riktigt bra lager,tjärnsjö brewery,sverige,330.0,30.9,6.0,6.0,2.0,Passar till fågelPassar till fläskPassar till sällskapsdryckPassar till grönsaker,ljus lager,internationell stil,9.363636363636363
3255,rocket brewing company,downside up,sverige,750.0,70.0,2.0,5.0,1.0,Passar till fiskPassar till fågelPassar till fläskPassar till sällskapsdryck,syrlig öl,berliner weisse,9.333333333333334
3256,ten hands nocturnal,,sverige,330.0,59.9,7.0,10.0,7.0,Passar till dessertPassar till sällskapsdryck,imperial porter och stout,,18.151515151515152
3257,södvik säsong,2020,sverige,330.0,33.3,5.0,5.0,2.0,Passar till fiskPassar till fågelPassar till fläskPassar till sällskapsdryck,ale,saison,10.09090909090909
3258,stamsjö chili stout,,sverige,330.0,39.2,7.0,8.0,7.0,Passar till dessertPassar till sällskapsdryck,imperial porter och stout,,11.87878787878788
3259,uppsala brygghus,slumberjack,sverige,375.0,99.0,6.0,9.0,8.0,Passar till dessertPassar till sällskapsdryck,imperial porter och stout,,26.400000000000002
3260,firestorm,,sverige,330.0,44.9,8.0,8.0,4.0,Passar till nötPassar till viltPassar till sällskapsdryck,imperial porter och stout,,13.606060606060606
3261,primator,unpasteurized premium lager,tjeckien,500.0,22.9,6.0,6.0,2.0,Passar till fläskPassar till fågelPassar till fiskPassar till sällskapsdryck,ljus lager,pilsner,4.58
3262,fermenterarna,berrylicorice,sverige,330.0,36.9,2.0,5.0,2.0,Passar till sällskapsdryck,övrig syrlig öl,,11.181818181818182
3263,åkeshof single malt pale ale,,sverige,330.0,28.0,6.0,6.0,2.0,Passar till fläskPassar till lammPassar till sällskapsdryck,ale,amerikansk pale ale,8.484848484848486
3264,friends,hallon passionsdröm sour,sverige,330.0,39.9,1.0,5.0,2.0,Passar till sällskapsdryck,syrlig öl,berliner weisse,12.090909090909092
3265,friends,alegria sour,sverige,330.0,35.9,1.0,5.0,2.0,Passar till sällskapsdryck,syrlig öl,berliner weisse,10.878787878787879
3266,oud beersel,juniper infused lambic,belgien,3100.0,389.0,,,,,syrlig öl,frukt,12.548387096774194
3267,good guys brew,monkey business,sverige,330.0,34.2,7.0,7.0,2.0,Passar till lammPassar till nötPassar till sällskapsdryck,ale,amerikansk pale ale,10.363636363636365
3268,saison des hawelkas,hawelkas brewing company ab,sverige,330.0,31.5,4.0,6.0,2.0,Passar till fläskPassar till grönsakerPassar till kryddstarktPassar till sällskapsdryck,ale,saison,9.545454545454547
3269,ofrälse brygghus,buckthorn delight,sverige,330.0,47.9,2.0,4.0,1.0,Passar till fiskPassar till grönsakerPassar till skaldjurPassar till sällskapsdryck,syrlig öl,gose och lichtenhainer,14.515151515151514
3270,skog,pale ale,sverige,330.0,32.0,5.0,6.0,2.0,Passar till fågelPassar till fläskPassar till grönsakerPassar till sällskapsdryck,ale,amerikansk pale ale,9.696969696969697
3271,alefarm brewing,playfair,danmark,440.0,52.9,6.0,8.0,3.0,Passar till grönsakerPassar till lammPassar till nötPassar till sällskapsdryck,ale,imperial/dubbel ipa,12.022727272727272
3272,feast of solitude,"mikkeller baghaven, 2020",danmark,750.0,199.0,4.0,5.0,1.0,Passar till fågelPassar till fiskPassar till grönsakerPassar till skaldjur,övrig syrlig öl,,26.53333333333333
3273,mikkeller baghaven,bagsæson blend 1,danmark,750.0,149.0,6.0,7.0,1.0,Passar till fiskPassar till fågelPassar till fläskPassar till grönsaker,annan öl,öl av flera typer/stilar,19.866666666666667
3274,fjäderholmarnas mr. cocoa,barrel aged,sverige,330.0,87.3,7.0,11.0,9.0,Passar till dessertPassar till sällskapsdryck,imperial porter och stout,,26.454545454545453
3275,sideburn brewery,syndabocken,sverige,330.0,36.5,7.0,8.0,1.0,Passar till nötPassar till viltPassar till sällskapsdryck,torr porter och stout,,11.06060606060606
3276,fjäderholmarnas winter ale,,sverige,330.0,26.9,6.0,6.0,2.0,Passar till sällskapsdryckPassar till lammPassar till nötPassar till grönsaker,ale,brown ale,8.15151515151515
3277,gustatory rebel,södermännens hantverksbryggeri,sverige,330.0,25.9,7.0,6.0,2.0,Passar till lammPassar till nötPassar till sällskapsdryck,ale,extra special bitter,7.848484848484848
3278,original,lapland lager,finland,330.0,28.9,6.0,6.0,1.0,Passar till fågelPassar till fläskPassar till sällskapsdryck,ljus lager,internationell stil,8.757575757575758
3279,bestorp,brown ale,sverige,330.0,27.1,6.0,6.0,2.0,Passar till lammPassar till nötPassar till sällskapsdryck,ale,brown ale,8.212121212121213
3280,nacka julwit ingefära,,sverige,330.0,29.9,2.0,4.0,2.0,Passar till fläskPassar till fågelPassar till kryddstarktPassar till sällskapsdryck,veteöl,övrig veteöl,9.06060606060606
3281,de vos dubbel,,sverige,330.0,32.1,5.0,10.0,3.0,Passar till lammPassar till nötPassar till viltPassar till sällskapsdryck,ale,dubbel,9.727272727272727
3282,de vos tripel,,sverige,330.0,32.2,7.0,7.0,3.0,Passar till lammPassar till sällskapsdryckPassar till nöt,ale,trippel,9.757575757575758
3283,funkyland harry hophead,,sverige,330.0,26.5,7.0,5.0,1.0,,övrig syrlig öl,,8.030303030303031
3284,larz kristerz stufföl,,sverige,330.0,21.9,5.0,5.0,1.0,Passar till fågelPassar till fläskPassar till lammPassar till sällskapsdryck,ljus lager,pilsner,6.636363636363636
3285,pale ale,södra stockholms brygghus,sverige,330.0,26.5,8.0,7.0,1.0,Passar till sällskapsdryckPassar till lammPassar till nötPassar till fläsk,ale,amerikansk pale ale,8.030303030303031
3286,scandinavian spruce,lager,sverige,330.0,26.5,,,,,annan öl,öl av flera typer/stilar,8.030303030303031
3287,joars dricka,,sverige,330.0,32.4,5.0,6.0,3.0,Passar till fiskPassar till fågelPassar till fläskPassar till sällskapsdryck,annan öl,öl av flera typer/stilar,9.818181818181818
3288,dark horizon,rocket brewing company,sverige,330.0,39.9,8.0,8.0,3.0,Passar till lammPassar till nötPassar till viltPassar till sällskapsdryck,söt porter och stout,,12.090909090909092
3289,brewski,pineapple smoothie swirl,sverige,330.0,39.9,7.0,6.0,1.0,Passar till sällskapsdryck,ale,india pale ale,12.090909090909092
3290,remmarlöv,sour raspberry mango,sverige,330.0,29.9,3.0,4.0,1.0,Passar till sällskapsdryckPassar till aperitif,syrlig öl,berliner weisse,9.06060606060606
3291,lundaskogs ipa,bryggeri stenstugan,sverige,330.0,29.7,8.0,7.0,1.0,Passar till lammPassar till nötPassar till sällskapsdryck,ale,india pale ale,9.0
3292,morgondagens bubblegum,,sverige,330.0,38.9,2.0,4.0,2.0,Passar till sällskapsdryck,syrlig öl,berliner weisse,11.787878787878787
3293,dugges,bourbon & ginger,sverige,330.0,65.0,2.0,5.0,1.0,Passar till fiskPassar till skaldjurPassar till sällskapsdryckPassar till asiatiskt,övrig syrlig öl,,19.696969696969695
3294,bryggmästarens,bästa julöl,sverige,500.0,19.9,6.0,7.0,2.0,Passar till fläskPassar till grönsakerPassar till lammPassar till sällskapsdryck,mörk lager,dunkel,3.9799999999999995
3295,bryggeriet stenhammaren,lykttändaren winter ale,sverige,330.0,31.2,6.0,6.0,2.0,Passar till sällskapsdryckPassar till lammPassar till fläskPassar till nöt,ale,extra special bitter,9.454545454545455
3296,pilsnerdricka,,sverige,330.0,20.1,7.0,6.0,2.0,Passar till fågelPassar till fläskPassar till fiskPassar till sällskapsdryck,ljus lager,pilsner,6.090909090909092
3297,flying couch nv pale,,danmark,330.0,32.9,7.0,5.0,1.0,Passar till fågelPassar till fläskPassar till sällskapsdryck,ale,amerikansk pale ale,9.969696969696969
3298,snausarve wit,,sverige,330.0,26.6,2.0,4.0,2.0,Passar till fiskPassar till fågelPassar till fläskPassar till sällskapsdryck,veteöl,witbier,8.06060606060606
3299,captain lawrence,autumn blaze,usa,355.0,23.9,7.0,7.0,2.0,Passar till fågelPassar till fläskPassar till sällskapsdryck,ale,amber ale,6.732394366197182
3300,bryggmästarens,bästa julöl,sverige,500.0,19.9,6.0,7.0,2.0,Passar till fläskPassar till grönsakerPassar till lammPassar till sällskapsdryck,mörk lager,dunkel,3.9799999999999995
3301,bryggeriet stenhammaren,lykttändaren winter ale,sverige,330.0,31.2,6.0,6.0,2.0,Passar till sällskapsdryckPassar till lammPassar till fläskPassar till nöt,ale,extra special bitter,9.454545454545455
3302,galactic blueberry,ofrälse brygghus,sverige,330.0,37.9,2.0,5.0,1.0,Passar till sällskapsdryck,övrig syrlig öl,,11.484848484848484
3303,o/o,"long boil barley wine, 2020",sverige,330.0,69.9,5.0,10.0,10.0,Passar till ostPassar till sällskapsdryck,ale,barley wine,21.181818181818183
3304,censur ipa,,sverige,330.0,39.9,5.0,5.0,1.0,Passar till fiskPassar till fågelPassar till fläskPassar till grönsaker,övrig syrlig öl,,12.090909090909092
3305,värmdö bryggeri,sandhamn ljus lager,sverige,330.0,22.9,5.0,4.0,1.0,Passar till fiskPassar till fågelPassar till fläskPassar till sällskapsdryck,ljus lager,internationell stil,6.939393939393939
3306,dalabryggeri vinterbrygd,,sverige,330.0,22.7,5.0,5.0,3.0,Passar till fläskPassar till fågelPassar till sällskapsdryckPassar till grönsaker,ale,engelsk pale ale och bitter,6.878787878787879
3307,slottskällan,bayerskt,sverige,440.0,19.9,5.0,7.0,3.0,Passar till fläskPassar till lammPassar till sällskapsdryck,mellanmörk lager,märzen och wienerstil,4.5227272727272725
3308,bière de sauvage,,sverige,700.0,99.0,2.0,5.0,1.0,Passar till aperitifPassar till sällskapsdryck,övrig syrlig öl,,14.142857142857142
3309,eskilstuna ölkultur,modern lager,sverige,330.0,24.9,6.0,6.0,1.0,Passar till fiskPassar till fågelPassar till fläskPassar till sällskapsdryck,ljus lager,modern stil/india pale lager,7.545454545454546
3310,tottos vanilla rum,imperial stout,sverige,330.0,39.0,7.0,11.0,8.0,Passar till sällskapsdryckPassar till dessert,imperial porter och stout,,11.818181818181818
3311,big guns,,sverige,330.0,39.7,6.0,6.0,1.0,Passar till fågelPassar till fläskPassar till sällskapsdryck,ale,india pale ale,12.030303030303031
3312,mosaic ipa,,sverige,330.0,26.9,6.0,6.0,2.0,Passar till sällskapsdryckPassar till fläskPassar till lamm,ale,india pale ale,8.15151515151515
3313,the kernel,biere de saison mosaic,storbritannien,330.0,48.6,3.0,5.0,1.0,Passar till fiskPassar till skaldjur,ale,saison,14.727272727272728
3314,hampa-ipa,fors bryggeri kb,sverige,330.0,29.9,7.0,7.0,2.0,Passar till fläskPassar till lammPassar till sällskapsdryck,ale,india pale ale,9.06060606060606
3315,rich & modern,wet whistle brewery,sverige,330.0,27.0,6.0,6.0,1.0,Passar till fiskPassar till fågelPassar till fläskPassar till sällskapsdryck,ljus lager,modern stil/india pale lager,8.181818181818182
3316,la moneuse,special winter ale,belgien,750.0,88.8,4.0,7.0,3.0,Passar till fläskPassar till fågelPassar till sällskapsdryck,ale,saison,11.84
3317,dugges bryggeri,coffee,sverige,330.0,50.0,6.0,10.0,8.0,Passar till sällskapsdryckPassar till dessert,imperial porter och stout,,15.151515151515152
3318,slottskällan,bayerskt,sverige,440.0,19.9,5.0,7.0,3.0,Passar till fläskPassar till lammPassar till sällskapsdryck,mellanmörk lager,märzen och wienerstil,4.5227272727272725
3319,bière de sauvage,,sverige,700.0,99.0,2.0,5.0,1.0,Passar till aperitifPassar till sällskapsdryck,övrig syrlig öl,,14.142857142857142
3320,eskilstuna ölkultur,modern lager,sverige,330.0,24.9,6.0,6.0,1.0,Passar till fiskPassar till fågelPassar till fläskPassar till sällskapsdryck,ljus lager,modern stil/india pale lager,7.545454545454546
3321,tottos vanilla rum,imperial stout,sverige,330.0,39.0,7.0,11.0,8.0,Passar till sällskapsdryckPassar till dessert,imperial porter och stout,,11.818181818181818
3322,big guns,,sverige,330.0,39.7,6.0,6.0,1.0,Passar till fågelPassar till fläskPassar till sällskapsdryck,ale,india pale ale,12.030303030303031
3323,mosaic ipa,,sverige,330.0,26.9,6.0,6.0,2.0,Passar till sällskapsdryckPassar till fläskPassar till lamm,ale,india pale ale,8.15151515151515
3324,the kernel,biere de saison mosaic,storbritannien,330.0,48.6,3.0,5.0,1.0,Passar till fiskPassar till skaldjur,ale,saison,14.727272727272728
3325,hampa-ipa,fors bryggeri kb,sverige,330.0,29.9,7.0,7.0,2.0,Passar till fläskPassar till lammPassar till sällskapsdryck,ale,india pale ale,9.06060606060606
3326,foeder orchard,,sverige,750.0,99.0,2.0,6.0,1.0,Passar till aperitifPassar till fiskPassar till sällskapsdryckPassar till skaldjur,övrig syrlig öl,,13.200000000000001
3327,ein bock,stamsjö bryggeri,sverige,330.0,26.5,7.0,7.0,3.0,Passar till fläskPassar till lammPassar till nötPassar till sällskapsdryck,ljus lager,ljus bocköl,8.030303030303031
3328,to øl,#04 dipa,danmark,440.0,49.9,7.0,8.0,4.0,Passar till lammPassar till nötPassar till sällskapsdryck,ale,imperial/dubbel ipa,11.34090909090909
3329,flying couch,yuzu raspberry,danmark,330.0,34.9,2.0,4.0,1.0,Passar till aperitifPassar till sällskapsdryck,syrlig öl,berliner weisse,10.575757575757576
3330,herslev hoppy pils organic,herslev bryghus,danmark,330.0,27.9,6.0,5.0,2.0,Passar till fiskPassar till fågelPassar till fläskPassar till sällskapsdryck,ljus lager,modern stil/india pale lager,8.454545454545453
3331,to øl,stereo mono el dorado,danmark,440.0,47.9,7.0,8.0,1.0,Passar till sällskapsdryckPassar till fågelPassar till fläsk,ale,india pale ale,10.886363636363635
3332,ein bock,stamsjö bryggeri,sverige,330.0,26.5,7.0,7.0,3.0,Passar till fläskPassar till lammPassar till nötPassar till sällskapsdryck,ljus lager,ljus bocköl,8.030303030303031
3333,to øl,#04 dipa,danmark,440.0,49.9,7.0,8.0,4.0,Passar till lammPassar till nötPassar till sällskapsdryck,ale,imperial/dubbel ipa,11.34090909090909
3334,duvel,,belgien,330.0,29.0,3.0,6.0,1.0,Passar till fågelPassar till fläskPassar till grönsakerPassar till kryddstarkt,ale,belgisk ljus ale,8.787878787878787
3335,beerium kraftölsbryggeri,"follow the rabbit, 2021",sverige,330.0,35.4,7.0,7.0,1.0,Passar till lammPassar till nötPassar till sällskapsdryckPassar till vilt,torr porter och stout,,10.727272727272727
3336,vega easter lager,vega bryggeri ab,sverige,330.0,24.9,4.0,5.0,1.0,Passar till fiskPassar till fågelPassar till grönsakerPassar till sällskapsdryck,ljus lager,internationell stil,7.545454545454546
3337,kåtöl påsköl,northern brewers,sverige,330.0,29.6,5.0,5.0,1.0,Passar till fläskPassar till lammPassar till sällskapsdryck,mörk lager,dunkel,8.96969696969697
3338,perfectly squared brewing,crucified bunny,sverige,330.0,26.9,6.0,5.0,2.0,Passar till fläskPassar till lammPassar till sällskapsdryck,ale,amber ale,8.15151515151515
3339,beerbliotek,we don't count sequentially,sverige,330.0,100.0,,,,,ale,barley wine,30.303030303030305
3340,grebbestad påsköl,,sverige,330.0,19.7,6.0,6.0,3.0,Passar till sällskapsdryckPassar till lammPassar till nötPassar till fläsk,mellanmörk lager,märzen och wienerstil,5.969696969696969
3341,oppigårds vår,"best bitter, 2021",sverige,500.0,29.0,7.0,6.0,1.0,Passar till fläskPassar till lammPassar till sällskapsdryck,ale,engelsk pale ale och bitter,5.800000000000001
3342,flying couch,yuzu raspberry,danmark,330.0,34.9,2.0,4.0,1.0,Passar till aperitifPassar till sällskapsdryck,syrlig öl,berliner weisse,10.575757575757576
3343,flamboyan flamingos,mango sour,sverige,330.0,34.0,2.0,4.0,1.0,Passar till sällskapsdryck,syrlig öl,berliner weisse,10.303030303030303
3344,ängöl tropisch und sauer,,sverige,330.0,24.9,2.0,5.0,1.0,Passar till aperitifPassar till sällskapsdryck,syrlig öl,berliner weisse,7.545454545454546
3345,hop notch,currantly,sverige,440.0,34.5,3.0,5.0,1.0,Passar till aperitifPassar till fågelPassar till fläsk,övrig syrlig öl,,7.840909090909092
3346,fjäderholmarnas,yaro,sverige,330.0,28.0,7.0,7.0,2.0,Passar till lammPassar till fläskPassar till sällskapsdryck,ale,india pale ale,8.484848484848486
3347,sälens fjällbryggeri,"sälens fjällbock, 2020",sverige,330.0,29.9,5.0,8.0,3.0,Passar till sällskapsdryckPassar till nötPassar till viltPassar till ost,mörk lager,dubbelbock,9.06060606060606
3348,hopped n weiser american golden ale,,sverige,330.0,29.9,7.0,7.0,2.0,Passar till fläskPassar till lammPassar till sällskapsdryck,ale,golden/blond ale,9.06060606060606
3349,af brew,13 weeks and what?!,ryssland,500.0,53.9,8.0,9.0,4.0,Passar till lammPassar till nötPassar till sällskapsdryck,ale,imperial/dubbel ipa,10.78
3350,captain lawrence,mandatory training,usa,473.0,59.9,7.0,7.0,2.0,Passar till sällskapsdryckPassar till fläskPassar till lamm,ale,india pale ale,12.663847780126849
3351,northern brewers,kåtöl julöl,sverige,330.0,29.6,5.0,5.0,2.0,Passar till lammPassar till fläskPassar till grönsakerPassar till sällskapsdryck,mörk lager,dunkel,8.96969696969697
3352,fairytale of king river,,sverige,330.0,33.7,5.0,7.0,3.0,Passar till fläskPassar till lamm,ale,dubbel,10.212121212121213
3353,brödernas,apa,sverige,330.0,29.9,6.0,5.0,1.0,Passar till fiskPassar till fågelPassar till fläskPassar till sällskapsdryck,ale,amerikansk pale ale,9.06060606060606
3354,duckpond,double quack,sverige,440.0,54.9,8.0,8.0,4.0,Passar till lammPassar till nötPassar till sällskapsdryck,ale,imperial/dubbel ipa,12.477272727272727
3355,valkyria,,sverige,330.0,33.8,6.0,6.0,1.0,Passar till fågelPassar till fläskPassar till grönsakerPassar till sällskapsdryck,ljus lager,modern stil/india pale lager,10.242424242424242
3356,fjäderholmarnas gloria neipa,fjäderholmarnas bryggeri ab,sverige,440.0,42.3,8.0,8.0,4.0,Passar till lammPassar till nötPassar till sällskapsdryck,ale,india pale ale,9.613636363636363
3357,beerbliotek,sunny disposition,sverige,330.0,27.9,5.0,5.0,1.0,Passar till fågelPassar till fläskPassar till grönsakerPassar till sällskapsdryck,ale,session ipa,8.454545454545453
3358,winter ale,wilderness brewery ab,sverige,330.0,33.9,7.0,7.0,2.0,Passar till lammPassar till nötPassar till sällskapsdryck,ale,strong ale,10.272727272727272
3359,põhjala cherry island,,estland,330.0,39.9,6.0,8.0,8.0,Passar till dessertPassar till sällskapsdryck,imperial porter och stout,,12.090909090909092
3360,kåtöl påsköl,northern brewers,sverige,330.0,29.6,5.0,5.0,1.0,Passar till fläskPassar till lammPassar till sällskapsdryck,mörk lager,dunkel,8.96969696969697
3361,perfectly squared brewing,crucified bunny,sverige,330.0,26.9,6.0,5.0,2.0,Passar till fläskPassar till lammPassar till sällskapsdryck,ale,amber ale,8.15151515151515
3362,beerbliotek,we don't count sequentially,sverige,330.0,100.0,,,,,ale,barley wine,30.303030303030305
3363,grebbestad påsköl,,sverige,330.0,19.7,6.0,6.0,3.0,Passar till sällskapsdryckPassar till lammPassar till nötPassar till fläsk,mellanmörk lager,märzen och wienerstil,5.969696969696969
3364,oppigårds vår,"best bitter, 2021",sverige,500.0,29.0,7.0,6.0,1.0,Passar till fläskPassar till lammPassar till sällskapsdryck,ale,engelsk pale ale och bitter,5.800000000000001
3365,fjäderholmarnas gloria neipa,fjäderholmarnas bryggeri ab,sverige,440.0,42.3,8.0,8.0,4.0,Passar till lammPassar till nötPassar till sällskapsdryck,ale,india pale ale,9.613636363636363
3366,beerbliotek,sunny disposition,sverige,330.0,27.9,5.0,5.0,1.0,Passar till fågelPassar till fläskPassar till grönsakerPassar till sällskapsdryck,ale,session ipa,8.454545454545453
3367,valkyria,,sverige,330.0,33.8,6.0,6.0,1.0,Passar till fågelPassar till fläskPassar till grönsakerPassar till sällskapsdryck,ljus lager,modern stil/india pale lager,10.242424242424242
3368,gäddvikens pilsner,,sverige,500.0,34.9,6.0,4.0,1.0,Passar till fiskPassar till fågelPassar till skaldjurPassar till sällskapsdryck,ljus lager,pilsner,6.98
3369,adelsö,r.e.s.p.e.c.t. stout,sverige,330.0,31.6,7.0,7.0,1.0,Passar till lammPassar till nöt,torr porter och stout,,9.575757575757576
3370,brekeriet,wrapped in red,sverige,330.0,36.9,2.0,4.0,1.0,Passar till aperitifPassar till sällskapsdryck,syrlig öl,berliner weisse,11.181818181818182
3371,st eriks easter session ipa,,sverige,330.0,19.9,9.0,7.0,1.0,,ale,session ipa,6.030303030303029
3372,nattljus,neipa,sverige,330.0,32.0,7.0,7.0,4.0,Passar till lammPassar till nötPassar till sällskapsdryck,ale,new england ipa/hazy ipa,9.696969696969697
3373,stallhagen,delikat,finland,330.0,19.9,6.0,6.0,1.0,Passar till lammPassar till nötPassar till sällskapsdryck,mellanmörk lager,märzen och wienerstil,6.030303030303029
3374,eskilstuna ölkultur,julbock,sverige,330.0,27.5,6.0,6.0,4.0,Passar till lammPassar till nötPassar till sällskapsdryck,mörk lager,dubbelbock,8.333333333333332
3375,eskilstuna ölkultur,julbock,sverige,330.0,27.5,6.0,6.0,4.0,Passar till lammPassar till nötPassar till sällskapsdryck,mörk lager,dubbelbock,8.333333333333332
3376,brewdog,king’s shilling,storbritannien,330.0,21.9,6.0,8.0,6.0,Passar till lammPassar till nötPassar till vilt,ale,skotsk ale,6.636363636363636
3377,fruity rainbow warrior,,sverige,330.0,28.9,6.0,6.0,3.0,Passar till fågelPassar till fläskPassar till sällskapsdryck,ale,india pale ale,8.757575757575758
3378,snausarve gårdsbryggeri,calyptra,sverige,330.0,36.6,5.0,6.0,2.0,Passar till fågelPassar till fläskPassar till sällskapsdryck,ale,belgisk ljus ale,11.090909090909092
3379,electric nurse new england session ipa,,sverige,330.0,29.9,7.0,5.0,1.0,Passar till fläskPassar till lammPassar till sällskapsdryck,ale,session ipa,9.06060606060606
3380,alefarm,motions in time dipa,danmark,440.0,48.9,8.0,8.0,3.0,Passar till lammPassar till nötPassar till sällskapsdryck,ale,imperial/dubbel ipa,11.113636363636363
3381,salt & pepper,,sverige,330.0,24.9,2.0,5.0,1.0,Passar till fiskPassar till fågelPassar till fläskPassar till sällskapsdryck,övrig syrlig öl,,7.545454545454546
3382,garage tango down dipa,,spanien,440.0,69.9,7.0,8.0,4.0,Passar till lammPassar till nötPassar till sällskapsdryck,ale,imperial/dubbel ipa,15.886363636363637
3383,smith street,ipa [peter],sverige,330.0,34.9,7.0,7.0,2.0,Passar till fläskPassar till lammPassar till sällskapsdryck,ale,india pale ale,10.575757575757576
3384,mikkeller baghaven,stevnsbær,danmark,750.0,199.0,3.0,6.0,1.0,Passar till aperitifPassar till sällskapsdryck,övrig syrlig öl,,26.53333333333333
3385,solokvist,benchwarmers brewing,sverige,440.0,49.9,7.0,8.0,2.0,Passar till lammPassar till nötPassar till sällskapsdryck,ale,imperial/dubbel ipa,11.34090909090909
3386,odd island bullit ryed,odd island brewing co,sverige,330.0,29.9,7.0,7.0,1.0,Passar till sällskapsdryckPassar till lammPassar till nöt,ale,black ipa,9.06060606060606
3387,elmeleven,stars are other suns with guava peach & mango,sverige,330.0,39.9,2.0,5.0,1.0,Passar till sällskapsdryck,övrig syrlig öl,,12.090909090909092
3388,brewski x friends,starman returns qdh ipa,sverige,330.0,39.9,7.0,7.0,2.0,Passar till lammPassar till nötPassar till sällskapsdryck,ale,new england ipa/hazy ipa,12.090909090909092
3389,stigbergets,sun seed sour,sverige,440.0,39.9,3.0,5.0,2.0,Passar till aperitifPassar till sällskapsdryck,övrig syrlig öl,,9.068181818181818
3390,kvarnagårdens,bagarns,sverige,330.0,29.9,4.0,6.0,2.0,Passar till fiskPassar till fågelPassar till sällskapsdryck,ale,golden/blond ale,9.06060606060606
3391,session ipa,,sverige,330.0,25.2,5.0,6.0,2.0,Passar till fiskPassar till fågelPassar till fläskPassar till sällskapsdryck,ale,session ipa,7.636363636363636
3392,casamentos & baptizados,,portugal,330.0,49.9,6.0,11.0,9.0,Passar till dessertPassar till sällskapsdryck,imperial porter och stout,,15.121212121212121
3393,burning ember,,sverige,330.0,34.9,7.0,7.0,3.0,Passar till lammPassar till nötPassar till sällskapsdryck,ale,india pale ale,10.575757575757576
3394,mirabelle northern wild ale,,sverige,700.0,99.0,2.0,5.0,1.0,Passar till aperitifPassar till sällskapsdryck,övrig syrlig öl,,14.142857142857142
3395,piney dankolada double dry hopped,coconut pineapple milkshake double ipa,sverige,330.0,39.9,7.0,6.0,2.0,Passar till sällskapsdryck,ale,imperial/dubbel ipa,12.090909090909092
3396,tokyo lager,,sverige,330.0,31.9,5.0,5.0,1.0,Passar till fiskPassar till skaldjurPassar till sällskapsdryck,ljus lager,internationell stil,9.666666666666666
3397,stallhagen,us red ale,finland,330.0,22.9,6.0,7.0,2.0,Passar till fläskPassar till lammPassar till sällskapsdryck,ale,amber ale,6.939393939393939
3398,torsöl runa lager,,sverige,440.0,38.3,5.0,5.0,1.0,Passar till fiskPassar till fågelPassar till fläskPassar till sällskapsdryck,ljus lager,modern stil/india pale lager,8.704545454545453
3399,gothenburg brew,harvest ipa,sverige,330.0,21.9,8.0,7.0,2.0,Passar till lammPassar till nötPassar till sällskapsdryck,ale,india pale ale,6.636363636363636
3400,strömmarn´s,ipl - india pale lager,sverige,330.0,29.3,7.0,7.0,3.0,Passar till fläskPassar till lammPassar till sällskapsdryck,ljus lager,modern stil/india pale lager,8.878787878787879
3401,reckless,,sverige,330.0,27.9,7.0,7.0,2.0,Passar till fläskPassar till lammPassar till sällskapsdryck,ale,amerikansk pale ale,8.454545454545453
3402,winter ale-special edition,jeffrey brown,sverige,330.0,17.8,6.0,7.0,2.0,Passar till nötPassar till viltPassar till sällskapsdryck,ale,old ale,5.393939393939394
3403,père noël,,belgien,750.0,84.0,,,,,ale,belgisk ljus ale,11.200000000000001
3404,wicked weed,milk & cookies,usa,355.0,39.9,6.0,8.0,8.0,Passar till dessertPassar till sällskapsdryck,imperial porter och stout,,11.23943661971831
3405,winter ale-special edition,jeffrey brown,sverige,330.0,17.8,6.0,7.0,2.0,Passar till nötPassar till viltPassar till sällskapsdryck,ale,old ale,5.393939393939394
3406,père noël,,belgien,750.0,84.0,,,,,ale,belgisk ljus ale,11.200000000000001
3407,wicked weed,milk & cookies,usa,355.0,39.9,6.0,8.0,8.0,Passar till dessertPassar till sällskapsdryck,imperial porter och stout,,11.23943661971831
3408,o/o,50/50 mosaic/ekuanot ipa,sverige,440.0,44.9,7.0,7.0,2.0,Passar till lammPassar till nötPassar till sällskapsdryck,ale,new england ipa/hazy ipa,10.204545454545453
3409,duckpond,single quack,sverige,440.0,49.9,7.0,7.0,3.0,Passar till lammPassar till nötPassar till sällskapsdryck,ale,india pale ale,11.34090909090909
3410,cherryfied,flying guru brewery,sverige,330.0,38.2,3.0,5.0,1.0,Passar till aperitifPassar till sällskapsdryck,övrig syrlig öl,,11.575757575757576
3411,elin passionsfrukts,dipa,sverige,330.0,43.9,7.0,7.0,2.0,Passar till sällskapsdryck,ale,india pale ale,13.303030303030303
3412,enskede vinter,,sverige,330.0,26.7,6.0,6.0,2.0,Passar till lammPassar till nötPassar till fläskPassar till sällskapsdryck,mörk lager,dunkel,8.09090909090909
3413,strandlida vinterale,,sverige,330.0,28.0,6.0,7.0,1.0,Passar till lammPassar till fågelPassar till fläskPassar till sällskapsdryck,ale,strong ale,8.484848484848486
3414,o/o bangatan ipa,,sverige,440.0,44.9,8.0,8.0,4.0,Passar till lammPassar till nötPassar till sällskapsdryck,ale,india pale ale,10.204545454545453
3415,tokyo lager,,sverige,330.0,31.9,5.0,5.0,1.0,Passar till fiskPassar till skaldjurPassar till sällskapsdryck,ljus lager,internationell stil,9.666666666666666
3416,stallhagen,us red ale,finland,330.0,22.9,6.0,7.0,2.0,Passar till fläskPassar till lammPassar till sällskapsdryck,ale,amber ale,6.939393939393939
3417,torsöl runa lager,,sverige,440.0,38.3,5.0,5.0,1.0,Passar till fiskPassar till fågelPassar till fläskPassar till sällskapsdryck,ljus lager,modern stil/india pale lager,8.704545454545453
3418,gothenburg brew,harvest ipa,sverige,330.0,21.9,8.0,7.0,2.0,Passar till lammPassar till nötPassar till sällskapsdryck,ale,india pale ale,6.636363636363636
3419,strömmarn´s,ipl - india pale lager,sverige,330.0,29.3,7.0,7.0,3.0,Passar till fläskPassar till lammPassar till sällskapsdryck,ljus lager,modern stil/india pale lager,8.878787878787879
3420,stallhagen,honungsöl,finland,330.0,19.9,5.0,5.0,2.0,Passar till grönsakerPassar till fiskPassar till fågelPassar till sällskapsdryck,annan öl,öl av flera typer/stilar,6.030303030303029
3421,põhjala tuul,põhjala brewing co,estland,330.0,36.9,2.0,5.0,1.0,Passar till fiskPassar till kryddstarktPassar till skaldjurPassar till grönsaker,syrlig öl,gose och lichtenhainer,11.181818181818182
3422,dugges blueberry,,sverige,330.0,36.0,2.0,4.0,1.0,Passar till aperitifPassar till sällskapsdryck,övrig syrlig öl,,10.909090909090908
3423,o/o long boil barley wine,2018,sverige,330.0,69.9,5.0,10.0,10.0,Passar till ostPassar till sällskapsdryck,ale,barley wine,21.181818181818183
3424,valsviken,"vinterporter, 2020",sverige,250.0,42.9,5.0,9.0,5.0,Passar till lammPassar till nötPassar till vilt,imperial porter och stout,,17.16
3425,göteborgs jul-öl,,sverige,330.0,21.9,5.0,6.0,2.0,Passar till fläskPassar till lammPassar till nötPassar till sällskapsdryck,mellanmörk lager,märzen och wienerstil,6.636363636363636
3426,fulltofta jul,,sverige,330.0,28.0,6.0,6.0,1.0,Passar till fläskPassar till lammPassar till nötPassar till sällskapsdryck,annan öl,öl av flera typer/stilar,8.484848484848486
3427,sierra nevada dankful ipa,sierra nevada brewing company,usa,355.0,31.9,8.0,8.0,2.0,Passar till lammPassar till nötPassar till sällskapsdryck,ale,india pale ale,8.985915492957746
3428,husings skogsporter,,sverige,330.0,35.9,5.0,7.0,6.0,Passar till lammPassar till nötPassar till viltPassar till sällskapsdryck,annan öl,öl av flera typer/stilar,10.878787878787879
3429,straight grizzly,,sverige,440.0,60.0,6.0,7.0,5.0,Passar till sällskapsdryck,annan öl,öl av flera typer/stilar,13.636363636363635
3430,slakthusets,röklager,sverige,330.0,26.7,6.0,6.0,2.0,Passar till lammPassar till fläskPassar till sällskapsdryck,mellanmörk lager,märzen och wienerstil,8.09090909090909
3431,drop the bollocks! bitter,bryggarbackens,sverige,440.0,27.5,7.0,6.0,2.0,Passar till lammPassar till nötPassar till sällskapsdryck,ale,engelsk pale ale och bitter,6.25
3432,lager på lager,,sverige,330.0,29.9,4.0,5.0,1.0,Passar till fiskPassar till fågelPassar till skaldjurPassar till sällskapsdryck,ljus lager,modern stil/india pale lager,9.06060606060606
3433,halmstad brygghus,slottets påsköl,sverige,330.0,22.9,4.0,6.0,2.0,Passar till fågelPassar till fläskPassar till grönsakerPassar till sällskapsdryck,ale,amber ale,6.939393939393939
3434,s,pivovar shenk,slovakien,750.0,149.0,,,,,övrig syrlig öl,,19.866666666666667
3435,dugges blueberry,,sverige,330.0,36.0,2.0,4.0,1.0,Passar till aperitifPassar till sällskapsdryck,övrig syrlig öl,,10.909090909090908
3436,o/o long boil barley wine,2018,sverige,330.0,69.9,5.0,10.0,10.0,Passar till ostPassar till sällskapsdryck,ale,barley wine,21.181818181818183
3437,mirabelle northern wild ale,,sverige,700.0,99.0,2.0,5.0,1.0,Passar till aperitifPassar till sällskapsdryck,övrig syrlig öl,,14.142857142857142
3438,piney dankolada double dry hopped,coconut pineapple milkshake double ipa,sverige,330.0,39.9,7.0,6.0,2.0,Passar till sällskapsdryck,ale,imperial/dubbel ipa,12.090909090909092
3439,skogsröjet,rejmyre pale ale,sverige,330.0,27.6,8.0,7.0,1.0,Passar till lammPassar till nötPassar till sällskapsdryck,,,8.363636363636365
3440,pax,vesper,sverige,330.0,37.2,5.0,6.0,1.0,Passar till lammPassar till fläskPassar till sällskapsdryck,ale,saison,11.272727272727273
3441,fuller's black cab,stout,storbritannien,500.0,26.3,7.0,7.0,2.0,Passar till lammPassar till nötPassar till viltPassar till sällskapsdryck,porter och stout,,5.26
3442,göteborgs easter ale,,sverige,330.0,19.7,8.0,7.0,2.0,Passar till lammPassar till nötPassar till sällskapsdryck,ale,amerikansk pale ale,5.969696969696969
3443,fjäderholmarnas,östersjö porter,sverige,330.0,27.9,7.0,8.0,1.0,Passar till lammPassar till nötPassar till sällskapsdryckPassar till vilt,söt porter och stout,,8.454545454545453
3444,spisbryggeriets,grundlager,sverige,330.0,25.7,4.0,4.0,2.0,Passar till skaldjurPassar till fiskPassar till sällskapsdryck,ljus lager,internationell stil,7.787878787878788
3445,prosten,en aleigen brewery,sverige,330.0,31.5,5.0,6.0,2.0,Passar till lammPassar till nötPassar till sällskapsdryck,ale,belgisk ljus ale,9.545454545454547
3446,nääs mörk lager,julöl,sverige,330.0,23.9,6.0,6.0,2.0,Passar till fågelPassar till fläskPassar till lammPassar till sällskapsdryck,mörk lager,dunkel,7.242424242424242
3447,good guys,white spring,sverige,330.0,21.9,2.0,5.0,2.0,Passar till kryddstarktPassar till fiskPassar till fläskPassar till grönsaker,veteöl,witbier,6.636363636363636
3448,brasstacks pom-pom,pomegranate blonde,sverige,330.0,27.7,3.0,5.0,1.0,Passar till sällskapsdryck,ale,golden/blond ale,8.393939393939394
3449,la calavera catrina,garage project,nya zeeland,330.0,35.9,6.0,6.0,1.0,Passar till sällskapsdryck,,,10.878787878787879
3450,brygghuset finn,easter porter,sverige,330.0,24.9,7.0,6.0,1.0,Passar till lammPassar till nötPassar till viltPassar till sällskapsdryck,torr porter och stout,,7.545454545454546
3451,hopsie daisy,a little umph dipa,sverige,330.0,29.7,9.0,7.0,3.0,Passar till lammPassar till nötPassar till sällskapsdryckPassar till vilt,ale,imperial/dubbel ipa,9.0
3452,hop shed,hell yeah lager,sverige,330.0,26.9,7.0,7.0,1.0,Passar till fågelPassar till fläskPassar till sällskapsdryck,ljus lager,dortmunder och helles,8.15151515151515
3453,helihopper,,sverige,330.0,27.9,7.0,7.0,3.0,Passar till fågelPassar till fläskPassar till sällskapsdryck,ale,india pale ale,8.454545454545453
3454,bersalis kadet,"oak aged, 2020",belgien,375.0,68.9,4.0,7.0,1.0,Passar till aperitifPassar till fiskPassar till fågelPassar till fläsk,övrig syrlig öl,,18.373333333333335
3455,now you see me,,sverige,330.0,30.3,9.0,9.0,3.0,Passar till lammPassar till nötPassar till viltPassar till sällskapsdryck,ale,imperial/dubbel ipa,9.181818181818183
3456,möllys,skiftinge vol1,sverige,330.0,37.9,8.0,8.0,3.0,Passar till lammPassar till nötPassar till sällskapsdryck,ale,india pale ale,11.484848484848484
3457,who dat? galaxy,spike brewery ab,sverige,440.0,42.5,8.0,7.0,3.0,Passar till lammPassar till nötPassar till sällskapsdryck,ale,india pale ale,9.659090909090908
3458,hörby brun,bryggeri 1766,sverige,330.0,35.4,5.0,5.0,2.0,Passar till lammPassar till nötPassar till sällskapsdryck,ale,brown ale,10.727272727272727
3459,licks licks licks,stockholm brewing co.,sverige,330.0,32.9,2.0,5.0,1.0,Passar till sällskapsdryckPassar till aperitif,övrig syrlig öl,,9.969696969696969
3460,lost & grounded,kellerpils,storbritannien,440.0,37.9,,,,,ljus lager,zwickel,8.613636363636363
3461,o/o balamundi,pale ale,sverige,440.0,35.2,6.0,7.0,2.0,Passar till fläskPassar till lammPassar till sällskapsdryckPassar till grönsaker,ale,amerikansk pale ale,8.0
3462,hyperspace,monkey brew,norge,440.0,69.9,,,,,ale,imperial/dubbel ipa,15.886363636363637
3463,remmarlöv x svartberget,stenberget!,sverige,330.0,39.9,,,,,imperial porter och stout,,12.090909090909092
3464,smith street,wcipa [ingela],sverige,440.0,44.0,7.0,7.0,2.0,Passar till sällskapsdryckPassar till fläskPassar till lammPassar till nöt,ale,india pale ale,10.0
3465,smith street,wcipa [ingela],sverige,440.0,44.0,7.0,7.0,2.0,Passar till sällskapsdryckPassar till fläskPassar till lammPassar till nöt,ale,india pale ale,10.0
3466,firestone walker,"parabola, 2019",usa,355.0,129.0,,,,,imperial porter och stout,,36.33802816901409
3467,valor,,sverige,750.0,89.4,2.0,6.0,1.0,Passar till fläskPassar till lammPassar till sällskapsdryck,övrig syrlig öl,,11.920000000000002
3468,mistral french saison,,sverige,330.0,32.3,3.0,5.0,2.0,Passar till fiskPassar till fågelPassar till fläskPassar till sällskapsdryck,ale,saison,9.787878787878787
3469,gamma,superstudio,danmark,440.0,59.9,8.0,8.0,3.0,Passar till lammPassar till nötPassar till sällskapsdryck,ale,imperial/dubbel ipa,13.613636363636363
3470,irish dry stout,,sverige,330.0,35.6,6.0,7.0,1.0,Passar till nötPassar till lammPassar till sällskapsdryck,torr porter och stout,,10.787878787878787
3471,founders,breakfast stout,usa,355.0,32.9,6.0,8.0,5.0,Passar till lammPassar till nötPassar till viltPassar till sällskapsdryck,torr porter och stout,,9.267605633802816
3472,winter ale,,sverige,330.0,30.0,6.0,7.0,2.0,Passar till lammPassar till nötPassar till grönsakerPassar till sällskapsdryck,ale,brown ale,9.090909090909092
3473,östgöta julöl,,sverige,330.0,24.9,7.0,7.0,3.0,Passar till fläskPassar till lammPassar till nötPassar till sällskapsdryck,ale,brown ale,7.545454545454546
3474,jackdaw brewery,körsbär & kanel,sverige,330.0,68.9,2.0,5.0,1.0,Passar till aperitifPassar till sällskapsdryck,övrig syrlig öl,,20.87878787878788
3475,tynt meadow,english trappist ale,storbritannien,330.0,37.9,5.0,8.0,3.0,Passar till lammPassar till nötPassar till sällskapsdryckPassar till vilt,ale,strong ale,11.484848484848484
3476,mikkeller brewing san diego,træblod,usa,473.0,89.0,,,,,imperial porter och stout,,18.816067653276956
3477,escape the mothership,poppels bryggeri,sverige,440.0,39.9,6.0,8.0,3.0,Passar till nötPassar till grönsakerPassar till lammPassar till sällskapsdryck,ale,new england ipa/hazy ipa,9.068181818181818
3478,remmarlöv,blåkulla berliner weisse,sverige,330.0,29.9,2.0,5.0,1.0,,syrlig öl,berliner weisse,9.06060606060606
3479,remmarlöv x svartberget,stenberget!,sverige,330.0,39.9,,,,,imperial porter och stout,,12.090909090909092
3480,nacka julöl,,sverige,330.0,29.9,5.0,6.0,2.0,Passar till fläskPassar till lammPassar till nötPassar till sällskapsdryck,ale,amber ale,9.06060606060606
3481,sideburn brewery,gnarp special bitter,sverige,330.0,29.5,7.0,6.0,2.0,Passar till lammPassar till nötPassar till sällskapsdryck,ale,extra special bitter,8.93939393939394
3482,vreta kloster barrel aged series no 1,abbedissan på ekfat,sverige,330.0,129.9,4.0,10.0,6.0,Passar till lammPassar till nötPassar till ostPassar till vilt,ale,abt och kvadrupel,39.36363636363637
3483,adelsö,boom boom blonde,sverige,330.0,25.3,6.0,5.0,1.0,Passar till fågelPassar till fläskPassar till sällskapsdryck,ale,golden/blond ale,7.666666666666668
3484,hoppy easter,,sverige,330.0,19.8,6.0,7.0,2.0,Passar till sällskapsdryckPassar till fläskPassar till lammPassar till nöt,ale,brown ale,6.000000000000001
3485,apex,ne citra & mouteka,sverige,440.0,54.9,7.0,7.0,5.0,Passar till fläskPassar till lammPassar till sällskapsdryck,ale,imperial/dubbel ipa,12.477272727272727
3486,brewski storm,,sverige,330.0,29.9,8.0,8.0,2.0,Passar till lammPassar till nötPassar till sällskapsdryck,ale,amerikansk pale ale,9.06060606060606
3487,dracon,bourbon oaked stout,sverige,330.0,39.9,7.0,7.0,2.0,Passar till sällskapsdryckPassar till nötPassar till vilt,söt porter och stout,,12.090909090909092
3488,södra,påsklager,sverige,330.0,21.9,7.0,6.0,2.0,Passar till lammPassar till nötPassar till sällskapsdryck,mellanmörk lager,märzen och wienerstil,6.636363636363636
3489,easter ester,,sverige,500.0,41.9,7.0,6.0,2.0,Passar till lammPassar till nötPassar till sällskapsdryck,ale,brown ale,8.38
3490,funkyland uptown funk,,sverige,330.0,26.6,2.0,5.0,1.0,Passar till sällskapsdryck,övrig syrlig öl,,8.06060606060606
3491,fjäderholmarnas pilsner-dricka,,sverige,330.0,22.9,5.0,5.0,1.0,Passar till fiskPassar till fågelPassar till fläskPassar till sällskapsdryck,ljus lager,pilsner,6.939393939393939
3492,brokholmen pilsner,,sverige,330.0,19.9,6.0,6.0,2.0,Passar till fågelPassar till fläskPassar till lammPassar till sällskapsdryck,ljus lager,pilsner,6.030303030303029
3493,bocanegra pilsner,,mexiko,355.0,17.0,6.0,6.0,2.0,Passar till sällskapsdryckPassar till grönsakerPassar till fågelPassar till fläsk,ljus lager,internationell stil,4.788732394366197
3494,flying couch,get schwifty ipa,danmark,330.0,36.9,7.0,6.0,1.0,Passar till lammPassar till fläskPassar till sällskapsdryck,ale,india pale ale,11.181818181818182
3495,halmstad brygghus,funky x-mas 19,sverige,330.0,28.9,5.0,7.0,3.0,Passar till lammPassar till nötPassar till sällskapsdryck,ale,dubbel,8.757575757575758
3496,sibbarps husbryggeri,winter warmer,sverige,330.0,34.4,7.0,7.0,4.0,Passar till fläskPassar till lammPassar till nötPassar till sällskapsdryck,ale,old ale,10.424242424242424
3497,brewski,red robot dipa,sverige,330.0,34.9,7.0,8.0,4.0,Passar till nötPassar till lammPassar till sällskapsdryckPassar till fläsk,ale,imperial/dubbel ipa,10.575757575757576
3498,big ben,möllys,sverige,330.0,49.8,6.0,8.0,9.0,Passar till ostPassar till dessert,ale,barley wine,15.090909090909092
3499,irish walnut porter,,sverige,330.0,27.7,6.0,6.0,2.0,Passar till lammPassar till nötPassar till viltPassar till sällskapsdryck,torr porter och stout,,8.393939393939394
3500,eskilstuna ölkultur,xiii,sverige,330.0,39.0,2.0,7.0,7.0,Passar till fågelPassar till fläskPassar till ostPassar till sällskapsdryck,veteöl,weizenbock,11.818181818181818
3501,brygghuset finn,winter lager,sverige,330.0,23.0,7.0,6.0,2.0,Passar till lammPassar till nötPassar till sällskapsdryck,mörk lager,dunkel,6.969696969696971
3502,northern exposure,chicago - apa,sverige,330.0,32.5,8.0,8.0,3.0,Passar till lammPassar till nötPassar till sällskapsdryck,ale,amerikansk pale ale,9.848484848484848
3503,båstad,farmhouse beer,sverige,330.0,28.2,4.0,5.0,2.0,Passar till grönsakerPassar till fågelPassar till fläskPassar till sällskapsdryck,ale,golden/blond ale,8.545454545454545
3504,lilla edet bryggeri,slottsöl 1852,sverige,330.0,24.9,6.0,6.0,2.0,Passar till fläskPassar till lammPassar till nötPassar till sällskapsdryck,ale,amber ale,7.545454545454546
3505,brewski bored panda,,sverige,330.0,44.9,5.0,8.0,10.0,Passar till dessertPassar till sällskapsdryck,ale,barley wine,13.606060606060606
3506,brekeriet,"nobel ek, 2018",sverige,750.0,79.0,6.0,6.0,1.0,Passar till fiskPassar till fågelPassar till fläskPassar till sällskapsdryck,ale,saison,10.533333333333333
3507,brekeriet,king's goblet,sverige,750.0,109.0,4.0,9.0,6.0,Passar till lammPassar till ostPassar till nötPassar till sällskapsdryck,ale,abt och kvadrupel,14.533333333333335
3508,double trouble,,sverige,330.0,35.8,8.0,8.0,4.0,Passar till lammPassar till nötPassar till sällskapsdryck,ale,india pale ale,10.848484848484848
3509,stigbergets,the chronic,sverige,440.0,66.6,7.0,9.0,4.0,Passar till nötPassar till lammPassar till sällskapsdryck,ale,imperial/dubbel ipa,15.136363636363633
3510,en jädra yummie ipa,,sverige,330.0,29.9,7.0,7.0,2.0,Passar till lammPassar till nötPassar till sällskapsdryck,ale,india pale ale,9.06060606060606
3511,lo-fi session ipa,,sverige,330.0,29.9,6.0,4.0,2.0,Passar till fiskPassar till fågelPassar till sällskapsdryck,ale,session ipa,9.06060606060606
3512,ängöl california common,,sverige,330.0,24.5,6.0,7.0,1.0,Passar till lammPassar till fläskPassar till sällskapsdryck,mellanmörk lager,california common,7.424242424242425
3513,dugges,softy,sverige,330.0,25.0,3.0,5.0,2.0,Passar till fiskPassar till fågelPassar till fläskPassar till sällskapsdryck,veteöl,hopfenweizen,7.575757575757576
3514,ölbryggeriet,gentlemen,sverige,330.0,29.9,8.0,7.0,2.0,Passar till fläskPassar till lammPassar till sällskapsdryck,ale,india pale ale,9.06060606060606
3515,maiden,"siren craft brew, 2019",storbritannien,375.0,114.9,,,,,ale,barley wine,30.64
3516,moondance lager,,sverige,330.0,32.5,5.0,7.0,2.0,Passar till fläskPassar till lammPassar till sällskapsdryck,mellanmörk lager,märzen och wienerstil,9.848484848484848
3517,sunshine orchard,,sverige,330.0,35.0,7.0,7.0,2.0,Passar till sällskapsdryckPassar till lammPassar till nöt,ale,imperial/dubbel ipa,10.606060606060606
3518,odd island,flagranti,sverige,330.0,31.9,2.0,4.0,1.0,Passar till fiskPassar till skaldjurPassar till sällskapsdryckPassar till aperitif,övrig syrlig öl,,9.666666666666666
3519,stigbergets,total eclipse,sverige,440.0,49.9,8.0,7.0,2.0,Passar till lammPassar till nötPassar till sällskapsdryck,ale,india pale ale,11.34090909090909
3520,finn,hoppy easter,sverige,330.0,24.9,7.0,6.0,1.0,Passar till lammPassar till nötPassar till sällskapsdryck,ale,brown ale,7.545454545454546
3521,funky chicken,easter brew,sverige,330.0,29.3,6.0,7.0,2.0,Passar till lammPassar till nötPassar till sällskapsdryck,torr porter och stout,,8.878787878787879
3522,spring omen,rocket brewing company,sverige,330.0,29.9,3.0,4.0,2.0,Passar till kryddstarktPassar till buffématPassar till grönsakerPassar till skaldjur,veteöl,witbier,9.06060606060606
3523,alefarm saturated ipa,,danmark,440.0,43.9,7.0,7.0,2.0,Passar till fläskPassar till lammPassar till sällskapsdryck,ale,india pale ale,9.977272727272727
3524,community beer dipa,,sverige,330.0,37.9,8.0,8.0,3.0,Passar till lammPassar till nötPassar till sällskapsdryck,ale,imperial/dubbel ipa,11.484848484848484
3525,hantverksbryggeriet,kvipa,sverige,330.0,28.0,6.0,6.0,2.0,Passar till fläskPassar till lammPassar till nötPassar till sällskapsdryck,ale,india pale ale,8.484848484848486
3526,o/o 50/50 amarillo/citra,ipa,sverige,440.0,44.9,8.0,8.0,3.0,Passar till lammPassar till nötPassar till sällskapsdryck,ale,new england ipa/hazy ipa,10.204545454545453
3527,graffitisthlm,kaos #7 ipa,sverige,440.0,46.9,7.0,7.0,3.0,Passar till lammPassar till nötPassar till sällskapsdryck,ale,india pale ale,10.659090909090908
3528,chimay,"grande rèserve, 2020",belgien,750.0,119.0,,,,,ale,belgisk mörk ale,15.866666666666667
3529,ten hands black celebration,ten hands brewing ab,sverige,330.0,59.9,7.0,10.0,10.0,Passar till sällskapsdryckPassar till dessert,imperial porter och stout,,18.151515151515152
3530,orange that!,flying guru brewery,sverige,330.0,38.2,3.0,5.0,1.0,Passar till aperitifPassar till sällskapsdryck,övrig syrlig öl,,11.575757575757576
3531,high nose snow,,sverige,330.0,29.4,8.0,6.0,2.0,Passar till lammPassar till nötPassar till sällskapsdryckPassar till fläsk,ale,amerikansk pale ale,8.909090909090908
3532,burgsviksbryggeri,winterlager,sverige,330.0,22.9,5.0,6.0,3.0,Passar till fläskPassar till lammPassar till nötPassar till sällskapsdryck,mörk lager,dunkel,6.939393939393939
3533,fraugruber x duckpond hop slayer,,tyskland,440.0,54.9,7.0,8.0,2.0,Passar till lammPassar till nötPassar till sällskapsdryck,ale,imperial/dubbel ipa,12.477272727272727
3534,maiden,"siren craft brew, 2019",storbritannien,375.0,114.9,,,,,ale,barley wine,30.64
3535,moondance lager,,sverige,330.0,32.5,5.0,7.0,2.0,Passar till fläskPassar till lammPassar till sällskapsdryck,mellanmörk lager,märzen och wienerstil,9.848484848484848
3536,sunshine orchard,,sverige,330.0,35.0,7.0,7.0,2.0,Passar till sällskapsdryckPassar till lammPassar till nöt,ale,imperial/dubbel ipa,10.606060606060606
3537,odd island,flagranti,sverige,330.0,31.9,2.0,4.0,1.0,Passar till fiskPassar till skaldjurPassar till sällskapsdryckPassar till aperitif,övrig syrlig öl,,9.666666666666666
3538,rustic peach,,usa,750.0,149.0,,,,,övrig syrlig öl,,19.866666666666667
3539,stamsjö,granskott ipa,sverige,330.0,32.4,5.0,6.0,2.0,Passar till fågelPassar till fläskPassar till grönsakerPassar till sällskapsdryck,ale,india pale ale,9.818181818181818
3540,la trappe,quadrupel,nederländerna,750.0,79.9,4.0,9.0,6.0,Passar till lammPassar till nötPassar till ostPassar till sällskapsdryck,ale,abt och kvadrupel,10.653333333333334
3541,stamsjö,granskott ipa,sverige,330.0,32.4,5.0,6.0,2.0,Passar till fågelPassar till fläskPassar till grönsakerPassar till sällskapsdryck,ale,india pale ale,9.818181818181818
3542,viggan wit,,sverige,330.0,27.5,3.0,5.0,1.0,Passar till asiatisktPassar till fiskPassar till fläskPassar till kryddstarkt,veteöl,witbier,8.333333333333332
3543,helsingborgs,angel eyes,sverige,330.0,40.0,6.0,6.0,5.0,Passar till sällskapsdryck,annan öl,öl av flera typer/stilar,12.121212121212121
3544,golden ale,,sverige,330.0,28.9,7.0,6.0,2.0,Passar till fågelPassar till fläskPassar till sällskapsdryck,ale,golden/blond ale,8.757575757575758
3545,ahlafors,pale ale,sverige,330.0,29.9,6.0,5.0,1.0,Passar till fågelPassar till fläskPassar till sällskapsdryck,ale,amerikansk pale ale,9.06060606060606
3546,halmstad brygghus,bryggmästarn's pilsner,sverige,330.0,21.9,6.0,5.0,1.0,Passar till fågelPassar till fläskPassar till sällskapsdryck,ljus lager,pilsner,6.636363636363636
3547,almby brewery,white ipa,sverige,330.0,33.8,6.0,4.0,1.0,Passar till fågelPassar till fläskPassar till sällskapsdryck,ale,india pale ale,10.242424242424242
3548,backens ale,,sverige,330.0,28.1,5.0,6.0,2.0,Passar till fläskPassar till lammPassar till sällskapsdryck,ale,engelsk pale ale och bitter,8.515151515151516
3549,half ipa,,sverige,330.0,19.9,6.0,6.0,1.0,Passar till fågelPassar till fläskPassar till sällskapsdryck,ale,amerikansk pale ale,6.030303030303029
3550,plasma hazy ipa,,sverige,330.0,29.6,7.0,7.0,2.0,Passar till sällskapsdryckPassar till lammPassar till nöt,ale,new england ipa/hazy ipa,8.96969696969697
3551,herman hedning,black lager of death,sverige,330.0,26.4,5.0,5.0,1.0,Passar till fläskPassar till lammPassar till sällskapsdryck,mörk lager,dunkel,8.0
3552,founders imperial stout,,usa,355.0,39.9,8.0,10.0,2.0,Passar till nötPassar till viltPassar till sällskapsdryck,imperial porter och stout,,11.23943661971831
3553,sälens fjällbryggeri,vargavinter,sverige,330.0,29.9,7.0,7.0,2.0,Passar till nötPassar till lammPassar till viltPassar till sällskapsdryck,ale,india pale ale,9.06060606060606
3554,vow of silence,winter edition,sverige,330.0,39.1,5.0,8.0,5.0,Passar till lammPassar till nötPassar till sällskapsdryckPassar till vilt,ale,abt och kvadrupel,11.848484848484848
3555,golden ale,,sverige,330.0,28.9,7.0,6.0,2.0,Passar till fågelPassar till fläskPassar till sällskapsdryck,ale,golden/blond ale,8.757575757575758
3556,ahlafors,pale ale,sverige,330.0,29.9,6.0,5.0,1.0,Passar till fågelPassar till fläskPassar till sällskapsdryck,ale,amerikansk pale ale,9.06060606060606
3557,halmstad brygghus,bryggmästarn's pilsner,sverige,330.0,21.9,6.0,5.0,1.0,Passar till fågelPassar till fläskPassar till sällskapsdryck,ljus lager,pilsner,6.636363636363636
3558,founders imperial stout,,usa,355.0,39.9,8.0,10.0,2.0,Passar till nötPassar till viltPassar till sällskapsdryck,imperial porter och stout,,11.23943661971831
3559,herman hedning,black lager of death,sverige,330.0,26.4,5.0,5.0,1.0,Passar till fläskPassar till lammPassar till sällskapsdryck,mörk lager,dunkel,8.0
3560,plasma hazy ipa,,sverige,330.0,29.6,7.0,7.0,2.0,Passar till sällskapsdryckPassar till lammPassar till nöt,ale,new england ipa/hazy ipa,8.96969696969697
3561,sahlins brygghus,pilsner,sverige,330.0,27.9,6.0,5.0,1.0,Passar till fiskPassar till fågelPassar till fläskPassar till sällskapsdryck,ljus lager,pilsner,8.454545454545453
3562,lundgrenpk,tjärnsjö brewery,sverige,330.0,28.9,6.0,6.0,2.0,Passar till lammPassar till nötPassar till sällskapsdryck,ale,amerikansk pale ale,8.757575757575758
3563,brygglabbet,dyngmörk,sverige,330.0,42.9,7.0,7.0,3.0,Passar till nötPassar till viltPassar till sällskapsdryck,imperial porter och stout,,13.0
3564,humlesoppan double dry hopped,double ipa,sverige,330.0,39.9,7.0,7.0,2.0,Passar till fläskPassar till lammPassar till sällskapsdryck,ale,imperial/dubbel ipa,12.090909090909092
3565,stallhagen original,,finland,330.0,19.9,6.0,5.0,2.0,Passar till sällskapsdryckPassar till fågelPassar till fläsk,ljus lager,internationell stil,6.030303030303029
3566,nya carnegiebryggeriet,cerise saison,sverige,330.0,27.9,3.0,5.0,2.0,Passar till sällskapsdryckPassar till fågelPassar till fläsk,ale,saison,8.454545454545453
3567,friends,yellow bird cupcake sour,sverige,330.0,39.9,2.0,6.0,2.0,Passar till aperitifPassar till sällskapsdryck,syrlig öl,berliner weisse,12.090909090909092
3568,friends,sundaze ddh ipa,sverige,330.0,39.9,6.0,7.0,2.0,Passar till fläskPassar till grönsakerPassar till lammPassar till sällskapsdryck,ale,new england ipa/hazy ipa,12.090909090909092
3569,o/o 100 chinook ipa,o/o brewing,sverige,440.0,44.9,7.0,7.0,2.0,Passar till lammPassar till nötPassar till sällskapsdryck,ale,new england ipa/hazy ipa,10.204545454545453
3570,elmeleven,another earth,sverige,330.0,39.9,2.0,5.0,1.0,Passar till sällskapsdryck,övrig syrlig öl,,12.090909090909092
3571,wilderness brewery,3c,sverige,330.0,34.0,4.0,6.0,2.0,Passar till lammPassar till nötPassar till fläskPassar till sällskapsdryck,ale,golden/blond ale,10.303030303030303
3572,apex,carnifex tipa,sverige,440.0,64.9,7.0,9.0,4.0,Passar till lammPassar till nötPassar till sällskapsdryck,ale,imperial/dubbel ipa,14.750000000000002
3573,serendipity dipa,hyllie bryggeri,sverige,330.0,41.0,8.0,8.0,1.0,Passar till sällskapsdryckPassar till lammPassar till nöt,ale,imperial/dubbel ipa,12.424242424242424
3574,dugges,tropic tropic thunder thunder,sverige,330.0,43.0,2.0,6.0,1.0,Passar till aperitifPassar till sällskapsdryck,övrig syrlig öl,,13.030303030303031
3575,pb kiss,3 sons brewing,usa,473.0,79.8,,,,,imperial porter och stout,,16.871035940803385
3576,mj's & bb barleywine,2020,sverige,330.0,44.9,5.0,10.0,9.0,Passar till ostPassar till sällskapsdryck,ale,barley wine,13.606060606060606
3577,winter blaze,,sverige,330.0,35.9,7.0,7.0,2.0,Passar till lammPassar till nötPassar till sällskapsdryck,ale,india pale ale,10.878787878787879
3578,uppsala brygghus,"imperial winter stout, 2018",sverige,330.0,34.9,5.0,10.0,6.0,Passar till lammPassar till nötPassar till sällskapsdryckPassar till vilt,imperial porter och stout,,10.575757575757576
3579,hermesgårds julöl,,sverige,330.0,25.0,5.0,6.0,2.0,Passar till fläskPassar till lammPassar till sällskapsdryck,ale,amber ale,7.575757575757576
3580,gouge away,"imperial stout with cacao, coffee and hazelnut",sverige,440.0,89.9,7.0,9.0,9.0,Passar till sällskapsdryckPassar till dessert,imperial porter och stout,,20.431818181818183
3581,brekeriet,vild cassis,sverige,375.0,69.0,3.0,5.0,2.0,Passar till aperitifPassar till fågelPassar till fläskPassar till sällskapsdryck,övrig syrlig öl,,18.4
3582,nils oscar,oktoberfest 2020,sverige,500.0,26.9,3.0,5.0,2.0,Passar till fågelPassar till fläskPassar till sällskapsdryck,mellanmörk lager,märzen och wienerstil,5.38
3583,alefarm brewing,san francisco skies ipa,danmark,440.0,48.9,8.0,7.0,2.0,Passar till lammPassar till nötPassar till sällskapsdryck,ale,india pale ale,11.113636363636363
3584,fuller's,london porter,storbritannien,500.0,28.4,6.0,6.0,1.0,Passar till sällskapsdryckPassar till lammPassar till nötPassar till skaldjur,torr porter och stout,,5.68
3585,wermlands,ale,sverige,330.0,23.4,6.0,6.0,1.0,Passar till fläskPassar till lamm,ale,amerikansk pale ale,7.090909090909091
3586,st eriks,winter session  ipa,sverige,330.0,20.0,7.0,6.0,2.0,Passar till fläskPassar till lammPassar till nötPassar till sällskapsdryck,ale,session ipa,6.0606060606060606
3587,nya carnegiebryggeriet,amber ale,sverige,330.0,21.9,6.0,6.0,2.0,Passar till lammPassar till nötPassar till sällskapsdryck,ale,amber ale,6.636363636363636
3588,akia brygghus,hopnick ipa,sverige,440.0,42.4,6.0,7.0,3.0,Passar till fläskPassar till lammPassar till sällskapsdryck,ale,india pale ale,9.636363636363637
3589,burn barrel,,sverige,330.0,29.9,5.0,5.0,4.0,Passar till lammPassar till fläskPassar till sällskapsdryck,mellanmörk lager,märzen och wienerstil,9.06060606060606
3590,nacka påskwit ingefära,,sverige,330.0,29.9,3.0,3.0,3.0,Passar till fiskPassar till fågelPassar till sällskapsdryck,veteöl,witbier,9.06060606060606
3591,malakias,"strömsholms brygghus, 2018",sverige,330.0,39.8,7.0,7.0,4.0,Passar till lammPassar till nötPassar till sällskapsdryck,annan öl,öl av flera typer/stilar,12.060606060606059
3592,sibbetorps gård,imperial stout,sverige,330.0,52.7,5.0,8.0,5.0,Passar till lammPassar till nötPassar till viltPassar till sällskapsdryck,imperial porter och stout,,15.96969696969697
3593,vættr,jämmerdalen hantverksbryggeri,sverige,375.0,97.7,3.0,4.0,1.0,Passar till lammPassar till fläskPassar till sällskapsdryck,övrig syrlig öl,,26.053333333333335
3594,eskilstuna ölkultur,vinter ipa,sverige,330.0,29.9,7.0,6.0,2.0,Passar till fläskPassar till lammPassar till nötPassar till sällskapsdryck,ale,india pale ale,9.06060606060606
3595,holiday porter,,sverige,330.0,32.9,7.0,8.0,2.0,Passar till viltPassar till sällskapsdryckPassar till nötPassar till lamm,torr porter och stout,,9.969696969696969
3596,sibbarps husbryggeri,celebration lager christmas,sverige,500.0,34.4,7.0,7.0,2.0,Passar till sällskapsdryckPassar till lammPassar till nötPassar till fläsk,mellanmörk lager,märzen och wienerstil,6.88
3597,fyrvaktarens midvinter,värmdö bryggeri ab,sverige,330.0,25.1,6.0,6.0,4.0,Passar till fläskPassar till lammPassar till nötPassar till sällskapsdryck,ale,brown ale,7.606060606060606
3598,bryggeri skeppsgossens,"tomtejevelfim, 2020",sverige,330.0,28.0,6.0,6.0,2.0,Passar till fläskPassar till lammPassar till grönsakerPassar till sällskapsdryck,annan öl,öl av flera typer/stilar,8.484848484848486
3599,brewski mangohallonfeber,american pale ale,sverige,330.0,34.9,7.0,6.0,1.0,Passar till fågelPassar till fläskPassar till sällskapsdryck,ale,amerikansk pale ale,10.575757575757576
3600,high five,,sverige,330.0,24.5,3.0,4.0,1.0,Passar till asiatisktPassar till fiskPassar till skaldjurPassar till sällskapsdryck,veteöl,witbier,7.424242424242425
3601,roslags näsby bryggeri,pentavägen #1,sverige,330.0,64.9,6.0,8.0,4.0,Passar till lammPassar till nötPassar till sällskapsdryckPassar till vilt,imperial porter och stout,,19.666666666666668
3602,vinternarren,,sverige,330.0,26.9,6.0,6.0,4.0,Passar till nötPassar till lammPassar till fläskPassar till sällskapsdryck,ale,strong ale,8.15151515151515
3603,ölbryggeriet,ladies,sverige,330.0,29.9,4.0,5.0,1.0,Passar till fågelPassar till fläskPassar till sällskapsdryck,ale,belgisk ljus ale,9.06060606060606
3604,stigbergets,"hot, blue and righteous",sverige,330.0,39.9,2.0,5.0,1.0,Passar till sällskapsdryck,syrlig öl,berliner weisse,12.090909090909092
3605,illbatting easter lager,illbatting,sverige,330.0,29.9,5.0,6.0,2.0,Passar till fågelPassar till fläskPassar till sällskapsdryck,mellanmörk lager,california common,9.06060606060606
3606,rocket brewing company,hyperion,sverige,330.0,24.9,4.0,4.0,1.0,Passar till fågelPassar till fläskPassar till sällskapsdryck,ljus lager,modern stil/india pale lager,7.545454545454546
3607,ekerö brygghus,vinter,sverige,330.0,24.9,6.0,6.0,2.0,Passar till lammPassar till nötPassar till sällskapsdryck,ale,engelsk pale ale och bitter,7.545454545454546
3608,roma julöl,,sverige,330.0,34.9,5.0,8.0,3.0,Passar till lammPassar till nötPassar till sällskapsdryck,ale,strong ale,10.575757575757576
3609,lunds julöl,"björnen sover brown ale, 2020",sverige,330.0,24.9,5.0,6.0,2.0,Passar till fläskPassar till lammPassar till nötPassar till sällskapsdryck,ale,brown ale,7.545454545454546
3610,skelderwikens,frosty ice,sverige,330.0,27.5,5.0,6.0,1.0,Passar till lammPassar till nötPassar till viltPassar till sällskapsdryck,torr porter och stout,,8.333333333333332
3611,lykttändaren,winter ale,sverige,330.0,29.5,5.0,6.0,2.0,Passar till fågelPassar till lammPassar till fläskPassar till sällskapsdryck,ale,extra special bitter,8.93939393939394
3612,jonas julöl,,sverige,500.0,37.9,4.0,5.0,4.0,Passar till fläskPassar till lammPassar till nötPassar till sällskapsdryck,ale,strong ale,7.579999999999999
3613,byaregårdens,jul,sverige,330.0,25.9,5.0,5.0,2.0,Passar till fläskPassar till lammPassar till nötPassar till sällskapsdryck,mellanmörk lager,polotmavý,7.848484848484848
3614,umeå,x-mas ale,sverige,330.0,29.4,6.0,6.0,2.0,Passar till lammPassar till nötPassar till sällskapsdryck,torr porter och stout,,8.909090909090908
3615,halmstad brygghus,skördefest,sverige,330.0,22.9,4.0,4.0,2.0,Passar till fågelPassar till fläskPassar till sällskapsdryck,mellanmörk lager,märzen och wienerstil,6.939393939393939
3616,esplanad,"juleöl, 2020",sverige,750.0,102.9,6.0,7.0,2.0,Passar till lammPassar till nötPassar till sällskapsdryck,ale,brown ale,13.720000000000002
3617,jackdaw brewery,blåbär,sverige,330.0,68.9,2.0,4.0,1.0,Passar till aperitifPassar till sällskapsdryck,övrig syrlig öl,,20.87878787878788
3618,länna bruk dryckeshandel,ipa med persika,sverige,330.0,32.0,6.0,5.0,1.0,,ale,india pale ale,9.696969696969697
3619,snausarve schwarz,,sverige,330.0,31.8,6.0,7.0,1.0,Passar till lammPassar till nötPassar till grönsakerPassar till sällskapsdryck,mörk lager,schwarzbier,9.636363636363637
3620,nyköping brewing,kristi brewed,sverige,440.0,36.9,7.0,7.0,2.0,Passar till lammPassar till nötPassar till sällskapsdryck,ale,india pale ale,8.386363636363637
3621,benchwarmers,an otter sour passion fruit mango,sverige,440.0,49.9,2.0,6.0,1.0,Passar till sällskapsdryck,övrig syrlig öl,,11.34090909090909
3622,duckpond,sombrero,sverige,330.0,39.9,2.0,5.0,1.0,Passar till aperitifPassar till sällskapsdryck,syrlig öl,berliner weisse,12.090909090909092
3623,imperial easter,wet whistle brewery,sverige,330.0,45.0,4.0,9.0,7.0,Passar till lammPassar till nötPassar till viltPassar till dessert,ale,brown ale,13.636363636363635
3624,torsöl påsköl,,sverige,500.0,44.5,5.0,8.0,3.0,Passar till lammPassar till nötPassar till sällskapsdryck,söt porter och stout,,8.9
3625,slottskällan foggy ipa,,sverige,330.0,33.5,7.0,7.0,4.0,Passar till fågelPassar till fläskPassar till sällskapsdryck,ale,imperial/dubbel ipa,10.151515151515152
3626,wermlands,vinter,sverige,330.0,19.9,6.0,7.0,2.0,Passar till lammPassar till nötPassar till sällskapsdryckPassar till fläsk,ale,brown ale,6.030303030303029
3627,prometheus,"rocket brewing company ab, 2019",sverige,330.0,29.9,7.0,6.0,2.0,Passar till lammPassar till fläskPassar till sällskapsdryck,ale,india pale ale,9.06060606060606
3628,beerbliotek,satsumas for the boomers,sverige,330.0,34.9,7.0,8.0,3.0,Passar till lammPassar till nötPassar till sällskapsdryck,ale,imperial/dubbel ipa,10.575757575757576
3629,eskilstuna,noël,sverige,330.0,37.9,5.0,9.0,6.0,Passar till lammPassar till nötPassar till sällskapsdryck,ale,belgisk mörk ale,11.484848484848484
3630,akia brygghus,do not open until christmas,sverige,440.0,39.8,6.0,6.0,2.0,Passar till lammPassar till nötPassar till sällskapsdryck,söt porter och stout,,9.045454545454545
3631,hernö jól,,sverige,330.0,30.1,5.0,7.0,3.0,Passar till lammPassar till nötPassar till sällskapsdryckPassar till grönsaker,annan öl,öl av flera typer/stilar,9.121212121212121
3632,tart&milky ipa,,sverige,330.0,29.2,6.0,6.0,1.0,Passar till sällskapsdryck,övrig syrlig öl,,8.848484848484848
3633,duckpond,black and blue,sverige,440.0,49.9,3.0,5.0,1.0,Passar till aperitifPassar till sällskapsdryck,syrlig öl,berliner weisse,11.34090909090909
3634,ringneck,braun ale,usa,355.0,25.9,,,,,ale,brown ale,7.295774647887324
3635,barlingbo bryggeri,staffen,sverige,330.0,24.9,5.0,6.0,2.0,Passar till lammPassar till nötPassar till sällskapsdryckPassar till vilt,ale,skotsk ale,7.545454545454546
3636,holiday ipa,,sverige,330.0,32.9,6.0,6.0,2.0,Passar till sällskapsdryckPassar till fiskPassar till fläskPassar till fågel,ale,india pale ale,9.969696969696969
3637,räven raskar,,sverige,330.0,24.9,6.0,6.0,2.0,Passar till sällskapsdryckPassar till lammPassar till nötPassar till fläsk,torr porter och stout,,7.545454545454546
3638,mj's bryggeri,dubbel ipa ddh,sverige,330.0,32.9,7.0,7.0,3.0,Passar till fläskPassar till lammPassar till sällskapsdryck,ale,imperial/dubbel ipa,9.969696969696969
3639,northern exposure,about:blank - session ipa,sverige,440.0,36.9,7.0,6.0,2.0,Passar till lammPassar till nötPassar till sällskapsdryck,ale,session ipa,8.386363636363637
3640,pangpang,respect wood,sverige,440.0,69.0,6.0,8.0,8.0,Passar till sällskapsdryckPassar till dessert,imperial porter och stout,,15.681818181818183
3641,fjällbänken,,sverige,440.0,42.5,8.0,7.0,3.0,Passar till lammPassar till nötPassar till sällskapsdryck,ale,new england ipa/hazy ipa,9.659090909090908
3642,ölbryggeriet,creepy bunny easter brew #1,sverige,330.0,30.0,4.0,8.0,9.0,Passar till dessertPassar till sällskapsdryck,söt porter och stout,,9.090909090909092
3643,geflebockens bryggeri,påskbocken,sverige,330.0,26.9,6.0,7.0,3.0,Passar till fläskPassar till lammPassar till nötPassar till sällskapsdryck,mörk lager,dubbelbock,8.15151515151515
3644,brewski dragonfruit pie,,sverige,330.0,48.9,2.0,5.0,4.0,Passar till sällskapsdryck,syrlig öl,berliner weisse,14.818181818181817
3645,winter is coming!,,sverige,330.0,39.9,5.0,6.0,2.0,Passar till sällskapsdryckPassar till lammPassar till nöt,ale,imperial/dubbel ipa,12.090909090909092
3646,klackabackens,jul,sverige,330.0,26.9,6.0,6.0,3.0,Passar till fläskPassar till lammPassar till nötPassar till sällskapsdryck,ale,brown ale,8.15151515151515
3647,kvarnagårdens rimfrost,,sverige,330.0,29.9,5.0,7.0,3.0,Passar till fläskPassar till lammPassar till grönsakerPassar till sällskapsdryck,ale,brown ale,9.06060606060606
3648,to øl,whirl domination,danmark,330.0,29.9,7.0,7.0,3.0,Passar till lammPassar till nötPassar till sällskapsdryck,ale,india pale ale,9.06060606060606
3649,ölbryggeriet,creepy bunny easter brew #1,sverige,330.0,30.0,4.0,8.0,9.0,Passar till dessertPassar till sällskapsdryck,söt porter och stout,,9.090909090909092
3650,geflebockens bryggeri,påskbocken,sverige,330.0,26.9,6.0,7.0,3.0,Passar till fläskPassar till lammPassar till nötPassar till sällskapsdryck,mörk lager,dubbelbock,8.15151515151515
3651,alien structure,india pale ale,sverige,440.0,39.9,6.0,7.0,2.0,Passar till fiskPassar till fågelPassar till fläskPassar till sällskapsdryck,ale,india pale ale,9.068181818181818
3652,brewski,duct taped mango,sverige,330.0,48.9,7.0,7.0,1.0,Passar till fågelPassar till fläskPassar till sällskapsdryck,ale,india pale ale,14.818181818181817
3653,ruby bock,brinner in the shit!,sverige,330.0,29.9,8.0,8.0,4.0,Passar till lammPassar till nötPassar till sällskapsdryck,ale,imperial/dubbel ipa,9.06060606060606
3654,roslagens,julale,sverige,330.0,24.9,6.0,6.0,2.0,Passar till fläskPassar till lammPassar till sällskapsdryck,ale,amber ale,7.545454545454546
3655,hyllie bryggeri,hyllipan ipa apelsin,sverige,330.0,34.9,7.0,7.0,3.0,Passar till lammPassar till nötPassar till sällskapsdryck,ale,india pale ale,10.575757575757576
3656,göteborgs häxbrygd,,sverige,330.0,19.7,6.0,6.0,3.0,Passar till lammPassar till nötPassar till grönsakerPassar till sällskapsdryck,mellanmörk lager,märzen och wienerstil,5.969696969696969
3657,simple pleasures lager,,sverige,330.0,22.9,3.0,4.0,1.0,Passar till fiskPassar till skaldjurPassar till sällskapsdryck,ljus lager,internationell stil,6.939393939393939
3658,snörsjö,påsk ale,sverige,330.0,19.9,7.0,6.0,2.0,Passar till fläskPassar till lammPassar till nötPassar till sällskapsdryck,ale,brown ale,6.030303030303029
3659,påsk,jackdaw brewery,sverige,330.0,35.0,4.0,5.0,2.0,Passar till fågelPassar till fläskPassar till sällskapsdryck,ale,saison,10.606060606060606
3660,northern exposure,woodland winter ipa,sverige,440.0,43.9,8.0,7.0,2.0,Passar till lammPassar till nötPassar till sällskapsdryck,ale,india pale ale,9.977272727272727
3661,christmas ale 2020,2020,sverige,750.0,125.0,4.0,7.0,1.0,Passar till fiskPassar till fågelPassar till fläskPassar till aperitif,annan öl,öl av flera typer/stilar,16.666666666666664
3662,oppigårds vinter,2020/2021 baltic porter,sverige,330.0,29.9,6.0,8.0,7.0,Passar till lammPassar till nötPassar till sällskapsdryckPassar till vilt,imperial porter och stout,,9.06060606060606
3663,fårskallens,christmas ipa,sverige,330.0,28.5,7.0,6.0,2.0,Passar till lammPassar till nötPassar till sällskapsdryck,ale,india pale ale,8.636363636363637
3664,wättle,hemvändningen,sverige,330.0,29.0,4.0,6.0,1.0,Passar till fläskPassar till grönsakerPassar till lammPassar till sällskapsdryck,ale,brown ale,8.787878787878787
3665,herslev mark æble naturøl,organic,danmark,330.0,32.9,1.0,5.0,1.0,Passar till fågelPassar till fläskPassar till sällskapsdryck,övrig syrlig öl,,9.969696969696969
3666,illbatting modern lager,illbatting,sverige,330.0,29.9,5.0,5.0,1.0,Passar till fiskPassar till skaldjurPassar till sällskapsdryck,ljus lager,modern stil/india pale lager,9.06060606060606
3667,to øl,kokomo,danmark,440.0,39.9,5.0,5.0,1.0,Passar till sällskapsdryck,syrlig öl,berliner weisse,9.068181818181818
3668,friends,skoglunds bärdröm sour,sverige,330.0,35.9,2.0,5.0,1.0,Passar till sällskapsdryck,syrlig öl,berliner weisse,10.878787878787879
3669,tjockö,mörk stark julöl,sverige,330.0,29.5,6.0,7.0,3.0,Passar till sällskapsdryckPassar till fläskPassar till nötPassar till lamm,ale,brown ale,8.93939393939394
3670,roslagens brygghus golden ale,,sverige,330.0,24.9,6.0,5.0,3.0,Passar till fågelPassar till fläskPassar till sällskapsdryck,ale,golden/blond ale,7.545454545454546
3671,pentavägen #3,"roslags näsby bryggeri, 2018",sverige,330.0,64.9,5.0,8.0,7.0,Passar till sällskapsdryckPassar till ostPassar till lammPassar till nöt,ale,barley wine,19.666666666666668
3672,maries ekolager,,sverige,330.0,22.3,6.0,5.0,1.0,Passar till fiskPassar till fågelPassar till fläskPassar till sällskapsdryck,ljus lager,modern stil/india pale lager,6.757575757575758
3673,arvika bryggeri julöl,,sverige,330.0,26.6,6.0,5.0,2.0,Passar till fläskPassar till lammPassar till nötPassar till sällskapsdryck,ale,brown ale,8.06060606060606
3674,northern stout,northern brewers,sverige,330.0,33.7,7.0,7.0,2.0,Passar till sällskapsdryckPassar till lammPassar till nötPassar till vilt,torr porter och stout,,10.212121212121213
3675,limhamns juleljus,limhamns bryggeri ab,sverige,330.0,25.1,4.0,4.0,1.0,Passar till fiskPassar till fågelPassar till fläskPassar till sällskapsdryck,ale,belgisk ljus ale,7.606060606060606
3676,qvarnens,julöl,sverige,500.0,49.9,6.0,7.0,2.0,Passar till sällskapsdryckPassar till lammPassar till nötPassar till fläsk,mellanmörk lager,märzen och wienerstil,9.98
3677,barlindbeer,ishusets julbrygd,sverige,330.0,29.6,5.0,7.0,3.0,Passar till lammPassar till nötPassar till sällskapsdryckPassar till fläsk,ale,amber ale,8.96969696969697
3678,slottskällan,"imperial stout, 2013",sverige,330.0,88.8,6.0,7.0,6.0,Passar till sällskapsdryckPassar till viltPassar till lammPassar till nöt,imperial porter och stout,,26.90909090909091
3679,pentavägen #3,"roslags näsby bryggeri, 2018",sverige,330.0,64.9,5.0,8.0,7.0,Passar till sällskapsdryckPassar till ostPassar till lammPassar till nöt,ale,barley wine,19.666666666666668
3680,maries ekolager,,sverige,330.0,22.3,6.0,5.0,1.0,Passar till fiskPassar till fågelPassar till fläskPassar till sällskapsdryck,ljus lager,modern stil/india pale lager,6.757575757575758
3681,ten hands dream snack,,sverige,330.0,36.9,6.0,7.0,2.0,Passar till fågelPassar till fläskPassar till sällskapsdryck,ale,amerikansk pale ale,11.181818181818182
3682,påsk,gamla enskede bryggeri,sverige,330.0,25.3,5.0,5.0,2.0,Passar till fågelPassar till fläskPassar till grönsakerPassar till sällskapsdryck,mellanmörk lager,märzen och wienerstil,7.666666666666668
3683,ekerö brygghus,påsk,sverige,330.0,23.9,7.0,5.0,1.0,Passar till fågelPassar till fläskPassar till sällskapsdryck,ale,engelsk pale ale och bitter,7.242424242424242
3684,limhamns,påsköl,sverige,330.0,25.9,5.0,6.0,3.0,Passar till fågelPassar till fläskPassar till sällskapsdryck,mellanmörk lager,märzen och wienerstil,7.848484848484848
3685,påsköl,en aleigen brewery,sverige,330.0,32.5,5.0,7.0,2.0,Passar till fläskPassar till grönsakerPassar till lammPassar till sällskapsdryck,ale,amber ale,9.848484848484848
3686,brekeriet beer,vild blondette,sverige,375.0,44.0,4.0,6.0,1.0,Passar till fågelPassar till fläskPassar till grönsaker,övrig syrlig öl,,11.733333333333333
3687,ten hands wilderness,,sverige,330.0,39.9,2.0,6.0,1.0,Passar till sällskapsdryck,syrlig öl,berliner weisse,12.090909090909092
3688,graffitisthlm,kaos #6 - ipa,sverige,440.0,46.9,8.0,7.0,2.0,Passar till lammPassar till nötPassar till sällskapsdryck,ale,india pale ale,10.659090909090908
3689,2020 pilsner,,sverige,440.0,34.0,7.0,6.0,1.0,Passar till fläskPassar till lammPassar till sällskapsdryck,ljus lager,modern stil/india pale lager,7.727272727272727
3690,s:t eriks,royal pale ale,sverige,330.0,24.9,7.0,6.0,2.0,Passar till fläskPassar till fågelPassar till sällskapsdryckPassar till grönsaker,ale,amerikansk pale ale,7.545454545454546
3691,mohawk,snowblind,sverige,330.0,33.9,7.0,7.0,2.0,Passar till fläskPassar till lammPassar till nötPassar till sällskapsdryck,ale,strong ale,10.272727272727272
3692,limhamns,julöl,sverige,330.0,28.0,5.0,6.0,2.0,Passar till fläskPassar till lammPassar till nötPassar till sällskapsdryck,mörk lager,dunkel,8.484848484848486
3693,barlingbo bryggeri,jaulöl,sverige,330.0,19.9,5.0,6.0,2.0,Passar till fläskPassar till lammPassar till nötPassar till sällskapsdryck,ale,brown ale,6.030303030303029
3694,ölbryggeriet,magiska jul,sverige,330.0,28.9,5.0,8.0,6.0,Passar till lammPassar till nötPassar till viltPassar till sällskapsdryck,söt porter och stout,,8.757575757575758
3695,paranormal lakrits,,sverige,330.0,46.7,6.0,8.0,6.0,Passar till sällskapsdryck,imperial porter och stout,,14.15151515151515
3696,oktoberfest,,sverige,330.0,23.1,5.0,5.0,2.0,Passar till fiskPassar till fågelPassar till fläskPassar till sällskapsdryck,mellanmörk lager,märzen och wienerstil,7.000000000000001
3697,dugges,cherry,sverige,330.0,32.0,1.0,4.0,1.0,Passar till sällskapsdryck,övrig syrlig öl,,9.696969696969697
3698,the spike monopoly,,sverige,330.0,31.1,7.0,7.0,3.0,Passar till fågelPassar till fläskPassar till lammPassar till sällskapsdryck,ale,india pale ale,9.424242424242426
3699,ten hands,telepathic rainbow alligator,sverige,330.0,39.9,6.0,7.0,3.0,Passar till fågelPassar till fläskPassar till grönsakerPassar till sällskapsdryck,ale,new england ipa/hazy ipa,12.090909090909092
3700,sigtuna,midvinterblot,sverige,330.0,30.9,6.0,8.0,3.0,Passar till sällskapsdryckPassar till viltPassar till lammPassar till nöt,imperial porter och stout,,9.363636363636363
3701,stigbergets,existens essens transcendens,sverige,440.0,39.9,7.0,7.0,2.0,Passar till lammPassar till nötPassar till sällskapsdryck,ale,india pale ale,9.068181818181818
3702,poppels bryggeri,tropical ipa,sverige,330.0,27.9,7.0,7.0,2.0,Passar till lammPassar till nötPassar till sällskapsdryck,ale,india pale ale,8.454545454545453
3703,stigbergets öl,,sverige,330.0,12.9,7.0,5.0,1.0,Passar till fågelPassar till fläskPassar till sällskapsdryck,ljus lager,internationell stil,3.909090909090909
3704,basecamp,lager,storbritannien,330.0,16.9,6.0,6.0,2.0,Passar till fiskPassar till fågelPassar till fläskPassar till sällskapsdryck,ljus lager,pilsner,5.121212121212121
3705,stigbergets,muddle,sverige,440.0,36.9,7.0,7.0,4.0,Passar till lammPassar till nötPassar till sällskapsdryck,ale,india pale ale,8.386363636363637
3706,samuel smith,apricot fruit beer,storbritannien,355.0,27.9,4.0,5.0,5.0,Passar till sällskapsdryck,annan öl,öl av flera typer/stilar,7.859154929577464
3707,brok,premium lager,polen,500.0,11.9,5.0,5.0,1.0,Passar till fiskPassar till fågelPassar till fläskPassar till sällskapsdryck,ljus lager,internationell stil,2.3800000000000003
3708,oppigårds,saison naturelle,sverige,750.0,53.9,4.0,6.0,2.0,Passar till fågelPassar till fläskPassar till sällskapsdryck,ale,saison,7.1866666666666665
3709,sjöstadens bocköl,,sverige,500.0,14.9,7.0,6.0,2.0,Passar till fågelPassar till fläskPassar till sällskapsdryck,ljus lager,ljus bocköl,2.98
3710,lagunitas,ipa,usa,355.0,19.9,8.0,7.0,2.0,Passar till lammPassar till nötPassar till sällskapsdryck,ale,india pale ale,5.605633802816901
3711,anderssons,,sverige,330.0,13.9,5.0,5.0,2.0,Passar till sällskapsdryckPassar till fågelPassar till fläsk,ljus lager,internationell stil,4.212121212121212
3712,stigbergets,pilsner,sverige,440.0,19.9,6.0,6.0,2.0,Passar till fiskPassar till fläskPassar till fågelPassar till sällskapsdryck,ljus lager,pilsner,4.5227272727272725
3713,gött änna,,sverige,330.0,27.9,6.0,6.0,2.0,Passar till fiskPassar till fläskPassar till grönsakerPassar till sällskapsdryck,ljus lager,dortmunder och helles,8.454545454545453
3714,san miguel,,spanien,330.0,11.9,3.0,3.0,1.0,Passar till fiskPassar till skaldjurPassar till kryddstarktPassar till sällskapsdryck,ljus lager,internationell stil,3.6060606060606064
3715,tuborg guld,,,500.0,14.5,4.0,5.0,2.0,Passar till fiskPassar till fläskPassar till grönsakerPassar till sällskapsdryck,ljus lager,internationell stil,2.9000000000000004
3716,pabst blue ribbon,,usa,355.0,17.0,5.0,6.0,2.0,Passar till fiskPassar till fågelPassar till skaldjurPassar till sällskapsdryck,ljus lager,internationell stil,4.788732394366197
3717,oppigårds,new day session ipa,sverige,330.0,23.7,7.0,5.0,1.0,Passar till fiskPassar till fågelPassar till fläskPassar till sällskapsdryck,ale,session ipa,7.1818181818181825
3718,poppels bryggeri,sour fruit ale mango passion,sverige,330.0,27.9,2.0,5.0,2.0,Passar till asiatisktPassar till fågelPassar till fläskPassar till sällskapsdryck,syrlig öl,berliner weisse,8.454545454545453
3719,stigbergets american pale ale,,sverige,330.0,29.9,8.0,7.0,2.0,Passar till lammPassar till nötPassar till sällskapsdryck,ale,amerikansk pale ale,9.06060606060606
3720,guinness,blonde ipa,irland,440.0,24.9,7.0,7.0,2.0,Passar till fläskPassar till lammPassar till sällskapsdryck,ale,golden/blond ale,5.659090909090909
3721,stigbergets,west coast festfat,sverige,5000.0,500.0,9.0,7.0,2.0,Passar till lammPassar till nötPassar till sällskapsdryckPassar till fläsk,ale,new england ipa/hazy ipa,10.0
3722,beck's,,tyskland,330.0,10.9,5.0,5.0,1.0,Passar till fiskPassar till fågelPassar till fläskPassar till sällskapsdryck,ljus lager,internationell stil,3.3030303030303036
3723,coors,light,,330.0,14.9,2.0,3.0,1.0,Passar till asiatisktPassar till kryddstarktPassar till sällskapsdryck,ljus lager,internationell stil,4.515151515151515
3724,efes pilsener,,turkiet,500.0,17.9,5.0,5.0,1.0,Passar till aperitifPassar till fågelPassar till fläsk,ljus lager,internationell stil,3.58
3725,karhu,,finland,500.0,16.9,,,,,ljus lager,internationell stil,3.38
3726,oppigårds,hedemora lager,sverige,330.0,19.5,6.0,6.0,1.0,Passar till fågelPassar till fläskPassar till grönsakerPassar till sällskapsdryck,ljus lager,dortmunder och helles,5.909090909090909
3727,nääs,ipa,sverige,330.0,24.9,7.0,7.0,2.0,Passar till fläskPassar till lammPassar till nöt,ale,india pale ale,7.545454545454546
3728,dugges new school,dugges bryggeri,sverige,330.0,75.0,7.0,10.0,8.0,Passar till sällskapsdryckPassar till dessert,imperial porter och stout,,22.727272727272727
3729,till,export,sverige,500.0,15.4,5.0,5.0,1.0,Passar till fiskPassar till fågelPassar till fläskPassar till sällskapsdryck,ljus lager,dortmunder och helles,3.08
3730,dugges,old school,sverige,330.0,75.0,7.0,10.0,8.0,Passar till sällskapsdryckPassar till viltPassar till lammPassar till dessert,imperial porter och stout,,22.727272727272727
3731,zubr,premium,tjeckien,500.0,16.9,6.0,6.0,2.0,Passar till fågelPassar till fläskPassar till sällskapsdryck,ljus lager,pilsner,3.38
3732,gothenburg brew,ipa,sverige,330.0,24.9,8.0,8.0,3.0,Passar till lammPassar till nötPassar till sällskapsdryck,ale,india pale ale,7.545454545454546
3733,breznak,,tjeckien,330.0,10.9,6.0,6.0,2.0,Passar till fiskPassar till fågelPassar till fläskPassar till sällskapsdryck,ljus lager,pilsner,3.3030303030303036
3734,dugges,hybrid 01,sverige,330.0,50.0,2.0,5.0,1.0,Passar till fågelPassar till fläskPassar till sällskapsdryck,annan öl,öl av flera typer/stilar,15.151515151515152
3735,omnipollo,bianca mango lassi gose,sverige,440.0,49.9,,,,,syrlig öl,gose och lichtenhainer,11.34090909090909
3736,gotlands bryggeri,double bulldog dipa,sverige,330.0,26.9,7.0,8.0,5.0,Passar till lammPassar till nötPassar till sällskapsdryck,ale,imperial/dubbel ipa,8.15151515151515
3737,gothenburg brew,jam session ipa,sverige,330.0,19.9,8.0,7.0,2.0,Passar till nötPassar till lammPassar till sällskapsdryckPassar till fläsk,ale,session ipa,6.030303030303029
3738,ekerö brygghus,ipa,sverige,330.0,25.3,7.0,7.0,3.0,Passar till fläskPassar till lammPassar till sällskapsdryck,ale,india pale ale,7.666666666666668
3739,malheur dark ale,brewery de landtsheer,belgien,330.0,32.9,6.0,8.0,2.0,Passar till lammPassar till nötPassar till viltPassar till sällskapsdryck,ale,belgisk mörk ale,9.969696969696969
3740,bron,india pale ale,sverige,330.0,14.9,7.0,7.0,2.0,Passar till lammPassar till nötPassar till sällskapsdryck,ale,india pale ale,4.515151515151515
3741,arctic beer,,norge,500.0,14.9,5.0,5.0,1.0,Passar till fiskPassar till fågelPassar till skaldjurPassar till sällskapsdryck,ljus lager,internationell stil,2.98
3742,st eriks,lager,sverige,330.0,18.9,5.0,5.0,1.0,Passar till fiskPassar till fågelPassar till fläskPassar till sällskapsdryck,ljus lager,dortmunder och helles,5.727272727272727
3743,dugges,passion fruit,sverige,330.0,35.0,2.0,4.0,1.0,Passar till sällskapsdryck,övrig syrlig öl,,10.606060606060606
3744,könig pilsener,,tyskland,330.0,13.9,4.0,4.0,1.0,Passar till fiskPassar till grönsakerPassar till skaldjurPassar till sällskapsdryck,ljus lager,pilsner,4.212121212121212
3745,chang beer,,thailand,320.0,14.9,4.0,5.0,1.0,Passar till asiatisktPassar till kryddstarktPassar till sällskapsdryck,ljus lager,internationell stil,4.65625
3746,brutal brewing,a ship full of ipa,sverige,330.0,14.9,8.0,6.0,1.0,Passar till lammPassar till nötPassar till sällskapsdryck,ale,india pale ale,4.515151515151515
3747,innis & gunn,lager beer,storbritannien,330.0,17.9,4.0,4.0,2.0,Passar till fågelPassar till fläskPassar till sällskapsdryck,ljus lager,modern stil/india pale lager,5.424242424242424
3748,westmalle,tripel,belgien,330.0,29.9,6.0,8.0,3.0,Passar till fågelPassar till fläskPassar till lammPassar till ost,ale,trippel,9.06060606060606
3749,o/o narangi ipa,,sverige,330.0,31.8,7.0,7.0,3.0,Passar till lammPassar till nötPassar till sällskapsdryck,ale,new england ipa/hazy ipa,9.636363636363637
3750,dark chocolate manchester porter,,sverige,330.0,24.0,5.0,6.0,2.0,Passar till lammPassar till nötPassar till sällskapsdryckPassar till vilt,torr porter och stout,,7.2727272727272725
3751,apex,acme ipa,sverige,440.0,49.9,7.0,8.0,3.0,Passar till fläskPassar till lammPassar till sällskapsdryck,ale,india pale ale,11.34090909090909
3752,la trappe,dubbel,nederländerna,330.0,28.9,4.0,8.0,4.0,Passar till nötPassar till ostPassar till sällskapsdryckPassar till vilt,ale,dubbel,8.757575757575758
3753,amleto,rossa doppio malto,italien,500.0,37.5,5.0,7.0,2.0,Passar till grönsakerPassar till fläskPassar till lammPassar till sällskapsdryck,ljus lager,ljus bocköl,7.5
3754,death,imperial stout,storbritannien,440.0,69.9,,,,,imperial porter och stout,,15.886363636363637
3755,summer bulldog,pale ale,sverige,330.0,20.9,5.0,5.0,1.0,Passar till fiskPassar till fågelPassar till grönsakerPassar till sällskapsdryck,ale,india pale ale,6.333333333333332
3756,liefmans,fruitesse,belgien,250.0,22.9,2.0,4.0,5.0,Passar till aperitifPassar till sällskapsdryck,övrig syrlig öl,,9.16
3757,dugges,very vanilla imperial stout,sverige,330.0,65.0,5.0,11.0,10.0,Passar till sällskapsdryckPassar till dessert,imperial porter och stout,,19.696969696969695
3758,night swell,dark ipa,usa,355.0,27.9,6.0,7.0,2.0,Passar till lammPassar till nötPassar till sällskapsdryck,ale,black ipa,7.859154929577464
3759,sailor ipa,lycke bryggeri,sverige,330.0,24.0,7.0,8.0,1.0,Passar till lammPassar till nötPassar till sällskapsdryck,ale,india pale ale,7.2727272727272725
3760,budvar,premium lager,tjeckien,500.0,16.9,5.0,5.0,2.0,Passar till fiskPassar till fågelPassar till fläskPassar till sällskapsdryck,ljus lager,pilsner,3.38
3761,dugges,coco coconut imperial stout,sverige,330.0,65.0,5.0,11.0,10.0,Passar till dessertPassar till sällskapsdryck,imperial porter och stout,,19.696969696969695
3762,bernard,dark lager,tjeckien,500.0,25.9,5.0,7.0,2.0,Passar till fläskPassar till lammPassar till nötPassar till sällskapsdryck,mörk lager,dunkel,5.18
3763,brewski chocolate strawberry pear vanilla cake,brewski ab,sverige,330.0,58.9,3.0,10.0,10.0,Passar till dessertPassar till sällskapsdryck,imperial porter och stout,,17.848484848484848
3764,lorpan,india pale ale,sverige,440.0,49.9,,,,,ale,new england ipa/hazy ipa,11.34090909090909
3765,o/o,bohemia,sverige,330.0,19.9,5.0,6.0,1.0,Passar till fågelPassar till fläskPassar till sällskapsdryck,ale,saison,6.030303030303029
3766,brewski chocolate strawberry pear vanilla cake,brewski ab,sverige,330.0,58.9,3.0,10.0,10.0,Passar till dessertPassar till sällskapsdryck,imperial porter och stout,,17.848484848484848
3767,coppersmith's,the steam beer,sverige,330.0,21.9,7.0,7.0,2.0,Passar till lammPassar till nötPassar till sällskapsdryck,mellanmörk lager,california common,6.636363636363636
3768,brygd av staffan,en kul-lager,sverige,330.0,20.9,5.0,5.0,1.0,Passar till fiskPassar till skaldjurPassar till sällskapsdryck,ljus lager,internationell stil,6.333333333333332
3769,fjällbryggarna,pilsner,sverige,330.0,29.9,6.0,6.0,1.0,Passar till fiskPassar till fågelPassar till fläskPassar till sällskapsdryck,ljus lager,pilsner,9.06060606060606
3770,lycke pilsner,,sverige,330.0,22.5,5.0,5.0,1.0,Passar till fiskPassar till fågelPassar till fläskPassar till sällskapsdryck,ljus lager,pilsner,6.8181818181818175
3771,smögenbryggar'n,hamnöl,sverige,330.0,17.5,,,,,annan öl,öl av flera typer/stilar,5.303030303030303
3772,sierra nevada,wanderland nectarine ale,usa,355.0,29.9,,,,,ale,golden/blond ale,8.422535211267606
3773,whitstable bay,organic ale,storbritannien,500.0,23.9,6.0,6.0,2.0,Passar till fläskPassar till lammPassar till nötPassar till sällskapsdryck,ale,engelsk pale ale och bitter,4.779999999999999
3774,gränges pilsner,,sverige,500.0,14.3,5.0,5.0,1.0,Passar till fiskPassar till fågelPassar till fläskPassar till sällskapsdryck,,,2.86
3775,mikkeller,game of thrones iron anniversary ipa,danmark,440.0,69.9,,,,,ale,new england ipa/hazy ipa,15.886363636363637
3776,pale in the face of danger,lycke bryggeri,sverige,330.0,26.0,8.0,7.0,3.0,Passar till lammPassar till nötPassar till sällskapsdryck,ale,amber ale,7.878787878787878
3777,bishops finger,kentish strong ale,storbritannien,500.0,25.9,7.0,7.0,2.0,Passar till fläskPassar till lammPassar till nöt,ale,engelsk pale ale och bitter,5.18
3778,dugges,15! stout,sverige,330.0,60.0,6.0,10.0,9.0,Passar till dessertPassar till sällskapsdryck,imperial porter och stout,,18.181818181818183
3779,chimay blå,"grand réserve, 2021",belgien,750.0,99.0,4.0,9.0,5.0,Passar till lammPassar till nötPassar till sällskapsdryckPassar till ost,ale,belgisk mörk ale,13.200000000000001
3780,nya carnegiebryggeriet,200w dipa,sverige,330.0,29.9,,,,,ale,imperial/dubbel ipa,9.06060606060606
3781,früh kölsch,party keg,tyskland,5000.0,369.5,,,,,ale,kölsch,7.39
3782,chimay blå,"grand réserve, 2021",belgien,750.0,99.0,4.0,9.0,5.0,Passar till lammPassar till nötPassar till sällskapsdryckPassar till ost,ale,belgisk mörk ale,13.200000000000001
3783,solsidan,premium dry,sverige,330.0,18.8,,,,,ljus lager,dortmunder och helles,5.696969696969697
3784,aviator ipa,lycke bryggeri,sverige,330.0,28.0,8.0,7.0,1.0,Passar till lammPassar till nötPassar till vilt,ale,india pale ale,8.484848484848486
3785,h-dcs lager,,sverige,330.0,19.9,6.0,6.0,1.0,Passar till fågelPassar till fläskPassar till sällskapsdryck,ljus lager,modern stil/india pale lager,6.030303030303029
3786,tuborg guld,,,500.0,15.5,4.0,5.0,2.0,Passar till fiskPassar till fläskPassar till grönsakerPassar till sällskapsdryck,ljus lager,internationell stil,3.1
3787,bernard,gluten free,tjeckien,500.0,26.9,6.0,6.0,2.0,Passar till fläskPassar till fågelPassar till sällskapsdryck,ljus lager,pilsner,5.38
3788,wylam brewery,revenge of the sticky bud dipa,storbritannien,440.0,84.9,,,,,ale,imperial/dubbel ipa,19.295454545454547
3789,sundsvalls öl,,sverige,330.0,18.7,5.0,5.0,1.0,Passar till fiskPassar till fågelPassar till fläskPassar till sällskapsdryck,ljus lager,internationell stil,5.666666666666666
3790,sierra nevada,california ipa,usa,355.0,19.9,7.0,6.0,1.0,Passar till sällskapsdryckPassar till fågelPassar till fläsk,ale,session ipa,5.605633802816901
3791,beck's,,tyskland,330.0,14.0,4.0,4.0,1.0,Passar till fiskPassar till fläskPassar till grönsaker,ljus lager,internationell stil,4.242424242424243
3792,how to reappear,bourbon barrel aged barley wine,sverige,330.0,59.9,5.0,9.0,8.0,Passar till ostPassar till sällskapsdryckPassar till viltPassar till nöt,ale,barley wine,18.151515151515152
3793,holba,premium,tjeckien,500.0,16.9,6.0,6.0,1.0,Passar till fågelPassar till fläskPassar till sällskapsdryck,ljus lager,pilsner,3.38
3794,bigger pigs,,storbritannien,440.0,84.9,,,,,ale,imperial/dubbel ipa,19.295454545454547
3795,holba,premium,tjeckien,500.0,16.9,6.0,6.0,1.0,Passar till fågelPassar till fläskPassar till sällskapsdryck,ljus lager,pilsner,3.38
3796,warsteiner,,tyskland,330.0,13.9,6.0,5.0,1.0,Passar till fläskPassar till lamm,ljus lager,pilsner,4.212121212121212
3797,lapin kulta,,finland,315.0,12.9,,,,,ljus lager,internationell stil,4.095238095238096
3798,skelderwikens,rögle ipa,sverige,330.0,29.1,7.0,7.0,1.0,Passar till fläskPassar till lammPassar till sällskapsdryck,ale,india pale ale,8.818181818181818
3799,nyckelbryggerier,riff lager by dregen,sverige,330.0,26.2,5.0,5.0,2.0,Passar till fiskPassar till fläskPassar till grönsakerPassar till sällskapsdryck,ljus lager,internationell stil,7.9393939393939394
3800,carlsberg export,,,30000.0,,,,,,ljus lager,internationell stil,
3801,tt,original lager,sverige,330.0,12.9,4.0,4.0,2.0,Passar till fiskPassar till fågelPassar till fläskPassar till sällskapsdryck,ljus lager,internationell stil,3.909090909090909
3802,loose cannon,american ipa,usa,355.0,25.9,8.0,7.0,3.0,Passar till lammPassar till nötPassar till sällskapsdryck,ale,india pale ale,7.295774647887324
3803,smögenbryggar'n,snipa,sverige,330.0,26.8,8.0,7.0,2.0,Passar till fläskPassar till lammPassar till sällskapsdryck,ale,india pale ale,8.121212121212121
3804,herman hedning imperial ärkebastard,strömsholms brygghus,sverige,330.0,49.4,6.0,9.0,6.0,Passar till lammPassar till nötPassar till viltPassar till sällskapsdryck,ale,strong ale,14.969696969696969
3805,plantis pilsner,,sverige,330.0,26.4,4.0,5.0,1.0,Passar till fiskPassar till fågelPassar till fläskPassar till sällskapsdryck,ljus lager,pilsner,8.0
3806,sarajevsko,,bosnien-hercegovina,330.0,13.8,,,,,,,4.1818181818181825
3807,sierra nevada,torpedo extra ipa,usa,355.0,26.9,9.0,8.0,2.0,Passar till sällskapsdryckPassar till lammPassar till nöt,ale,india pale ale,7.577464788732394
3808,boon framboise,2013,belgien,375.0,49.0,2.0,5.0,1.0,Passar till aperitifPassar till sällskapsdryck,syrlig öl,frukt,13.066666666666665
3809,belhaven,scottish stout,storbritannien,500.0,29.9,6.0,8.0,5.0,Passar till nötPassar till viltPassar till sällskapsdryck,imperial porter och stout,,5.9799999999999995
3810,sierra nevada,torpedo extra ipa,usa,355.0,26.9,9.0,8.0,2.0,Passar till sällskapsdryckPassar till lammPassar till nöt,ale,india pale ale,7.577464788732394
3811,boon framboise,2013,belgien,375.0,49.0,2.0,5.0,1.0,Passar till aperitifPassar till sällskapsdryck,syrlig öl,frukt,13.066666666666665
3812,belhaven,scottish stout,storbritannien,500.0,29.9,6.0,8.0,5.0,Passar till nötPassar till viltPassar till sällskapsdryck,imperial porter och stout,,5.9799999999999995
3813,carlsberg,,,3000.0,369.0,,,,,ljus lager,internationell stil,12.3
3814,lucky buddha,,folkrepubliken kina,330.0,19.9,4.0,5.0,1.0,Passar till fiskPassar till fågelPassar till grönsakerPassar till sällskapsdryck,ljus lager,internationell stil,6.030303030303029
3815,chimay vit,,belgien,330.0,31.9,7.0,7.0,2.0,Passar till fågelPassar till fläskPassar till ostPassar till sällskapsdryck,ale,trippel,9.666666666666666
3816,melleruds,mästarpilsner,sverige,330.0,19.9,,,,,ljus lager,pilsner,6.030303030303029
3817,firestone,"walker sucaba, 2016",usa,650.0,249.0,,,,,ale,barley wine,38.30769230769231
3818,tripel karmeliet,,belgien,330.0,29.9,5.0,8.0,2.0,Passar till fågelPassar till fläskPassar till ost,ale,belgisk ljus ale,9.06060606060606
3819,verdant,fruit car sight exhibition double ipa,storbritannien,440.0,94.9,,,,,ale,imperial/dubbel ipa,21.56818181818182
3820,hop city,ddh india pale ale,storbritannien,440.0,69.9,,,,,ale,new england ipa/hazy ipa,15.886363636363637
3821,st bernardus,abt 12,belgien,330.0,32.9,4.0,8.0,7.0,Passar till ostPassar till sällskapsdryck,ale,abt och kvadrupel,9.969696969696969
3822,motörhead,bastards lager,sverige,330.0,19.9,5.0,5.0,1.0,Passar till fågelPassar till fläskPassar till sällskapsdryck,ljus lager,modern stil/india pale lager,6.030303030303029
3823,how to switch modes,tropical,sverige,330.0,27.9,2.0,4.0,1.0,Passar till aperitifPassar till fiskPassar till skaldjurPassar till sällskapsdryck,syrlig öl,berliner weisse,8.454545454545453
3824,how to highlight ipa,gluten free,sverige,330.0,32.9,7.0,6.0,2.0,Passar till fläskPassar till lammPassar till sällskapsdryck,ale,india pale ale,9.969696969696969
3825,how to switch modes,tropical,sverige,330.0,27.9,2.0,4.0,1.0,Passar till aperitifPassar till fiskPassar till skaldjurPassar till sällskapsdryck,syrlig öl,berliner weisse,8.454545454545453
3826,arrogant bastard,ale,usa,473.0,39.9,,,,,ale,strong ale,8.435517970401692
3827,how to highlight ipa,gluten free,sverige,330.0,32.9,7.0,6.0,2.0,Passar till fläskPassar till lammPassar till sällskapsdryck,ale,india pale ale,9.969696969696969
3828,glory,triple india pale ale,storbritannien,440.0,74.9,,,,,ale,imperial/dubbel ipa,17.022727272727273
3829,tuborg grön,,,330.0,9.9,4.0,4.0,1.0,Passar till fiskPassar till sällskapsdryckPassar till fläskPassar till buffémat,ljus lager,internationell stil,3.0000000000000004
3830,duchesse de bourgogne,,belgien,250.0,27.9,4.0,6.0,3.0,Passar till fläskPassar till ostPassar till sällskapsdryck,syrlig öl,flamländsk röd och brun öl,11.159999999999998
3831,bitburger premium,keg,tyskland,5000.0,225.0,5.0,5.0,1.0,Passar till fågelPassar till fläskPassar till fiskPassar till sällskapsdryck,ljus lager,pilsner,4.5
3832,bulldoglåda,,sverige,,330.0,,,,,annan öl,öl av flera typer/stilar,
3833,purgatory in paradise,pale ale,storbritannien,440.0,64.9,,,,,ale,amerikansk pale ale,14.750000000000002
3834,nektar,,bosnien-hercegovina,500.0,16.9,,,,,,,3.38
3835,bryggmästarens,pilsner,sverige,30000.0,,,,,,ljus lager,internationell stil,
3836,kilkenny,draught,irland,440.0,18.9,6.0,6.0,2.0,Passar till fläskPassar till lammPassar till nöt,ale,irländsk ale,4.295454545454545
3837,fuller's london pride,,storbritannien,500.0,26.3,6.0,7.0,2.0,Passar till fläskPassar till lammPassar till fiskPassar till sällskapsdryck,ale,engelsk pale ale och bitter,5.26
3838,anosteké,prestige,frankrike,750.0,116.0,,,,,ale,bière de garde,15.466666666666667
3839,dugges 15 sour,,sverige,330.0,40.0,2.0,5.0,2.0,Passar till sällskapsdryck,övrig syrlig öl,,12.121212121212121
3840,erdinger,weissbier dunkel,tyskland,500.0,23.9,5.0,5.0,2.0,Passar till fläskPassar till grönsakerPassar till nötPassar till sällskapsdryck,veteöl,dunkelweizen,4.779999999999999
3841,poppels bryggeri,jonsered pilsner,sverige,330.0,17.9,6.0,6.0,1.0,Passar till fiskPassar till fågelPassar till fläskPassar till sällskapsdryck,ljus lager,pilsner,5.424242424242424
3842,kopparberg fruit lager,lemon & lime,sverige,330.0,17.9,,,,,annan öl,,5.424242424242424
3843,schlappeseppel,kellerbier,tyskland,330.0,22.8,6.0,6.0,1.0,Passar till fågelPassar till fläskPassar till grönsakerPassar till sällskapsdryck,ljus lager,zwickel,6.909090909090909
3844,nya carnegiebryggeriet,halo sour,sverige,330.0,27.9,2.0,4.0,1.0,Passar till aperitifPassar till sällskapsdryck,övrig syrlig öl,,8.454545454545453
3845,tropical,,spanien,330.0,17.9,3.0,4.0,1.0,Passar till fiskPassar till skaldjurPassar till sällskapsdryckPassar till grönsaker,ljus lager,internationell stil,5.424242424242424
3846,the 44th line of the code,dipa,storbritannien,440.0,79.9,8.0,8.0,3.0,Passar till lammPassar till nötPassar till sällskapsdryck,ale,imperial/dubbel ipa,18.15909090909091
3847,firestone walker,"sucaba barley wine ale, 2019",usa,355.0,139.0,,,,,ale,barley wine,39.154929577464785
3848,kees mosaic hop,ipa,nederländerna,330.0,38.4,,,,,ale,india pale ale,11.636363636363637
3849,how to get it,fogging right hazy ipa,sverige,330.0,31.9,8.0,7.0,2.0,Passar till lammPassar till sällskapsdryckPassar till nöt,ale,india pale ale,9.666666666666666
3850,boulevard,love child no 10,usa,750.0,127.9,,,,,övrig syrlig öl,,17.053333333333335
3851,maredsous 6,blonde,belgien,330.0,20.5,6.0,7.0,2.0,Passar till fågelPassar till fläskPassar till lammPassar till nöt,ale,belgisk ljus ale,6.212121212121212
3852,nektar,,bosnien-hercegovina,330.0,12.8,,,,,,,3.878787878787879
3853,stiegl,goldbräu,österrike,500.0,22.9,4.0,4.0,2.0,Passar till fiskPassar till fläskPassar till grönsakerPassar till sällskapsdryck,ljus lager,internationell stil,4.58
3854,åbro original ekologisk,,sverige,330.0,11.9,5.0,5.0,1.0,Passar till fiskPassar till fågelPassar till fläskPassar till sällskapsdryck,ljus lager,internationell stil,3.6060606060606064
3855,ballast point high west,"bourbon barrel aged victory at sea, 2018",usa,355.0,49.6,7.0,10.0,5.0,Passar till lammPassar till nötPassar till viltPassar till sällskapsdryck,imperial porter och stout,,13.971830985915492
3856,tyskie,gronie,polen,500.0,15.9,5.0,6.0,1.0,Passar till fiskPassar till fågelPassar till fläskPassar till sällskapsdryck,ljus lager,pilsner,3.18
3857,kees it's a blond,,nederländerna,330.0,24.9,6.0,7.0,2.0,Passar till fågelPassar till fläskPassar till sällskapsdryckPassar till grönsaker,ale,golden/blond ale,7.545454545454546
3858,alhambra reserva,roja,spanien,330.0,21.9,,,,,mörk lager,dubbelbock,6.636363636363636
3859,bischofshof,altvater,tyskland,500.0,29.0,3.0,6.0,2.0,Passar till fågelPassar till fläskPassar till grönsakerPassar till sällskapsdryck,veteöl,weizenbock,5.800000000000001
3860,stone ruination,double india pale ale,usa,355.0,32.9,,,,,ale,imperial/dubbel ipa,9.267605633802816
3861,firestone walker,feral vinifera,usa,375.0,139.0,,,,,övrig syrlig öl,,37.06666666666666
3862,firestone walker,under currants,usa,375.0,139.0,,,,,övrig syrlig öl,,37.06666666666666
3863,kompis #2,lager,sverige,330.0,24.9,,,,,ljus lager,internationell stil,7.545454545454546
3864,dugges,banana toffee chocolate imperial stout,sverige,330.0,60.0,5.0,9.0,9.0,Passar till dessertPassar till sällskapsdryck,imperial porter och stout,,18.181818181818183
3865,fulöl,värmdö bryggeri,sverige,330.0,14.9,4.0,4.0,1.0,Passar till fiskPassar till fågelPassar till fläskPassar till sällskapsdryck,ljus lager,internationell stil,4.515151515151515
3866,trappistes rochefort 6,,belgien,330.0,36.5,,,,,ale,dubbel,11.06060606060606
3867,st bernardus,mixpack,belgien,1320.0,133.6,,,,,annan öl,öl av flera typer/stilar,10.121212121212121
3868,schneider weisse,tap 5 meine hopfenweisse,tyskland,500.0,30.9,,,,,veteöl,hopfenweizen,6.18
3869,carlskrona,julöl,sverige,330.0,25.9,7.0,7.0,2.0,Passar till fågelPassar till fläskPassar till lammPassar till sällskapsdryck,ale,,7.848484848484848
3870,super gay horse,,sverige,440.0,59.9,3.0,4.0,3.0,Passar till fågelPassar till fläskPassar till kryddstarktPassar till sällskapsdryck,ale,new england ipa/hazy ipa,13.613636363636363
3871,carib beer,,trinidad,330.0,22.3,,,,,,,6.757575757575758
3872,siren,broken dream,storbritannien,330.0,26.9,,,,,söt porter och stout,,8.15151515151515
3873,calypso,dry-hopped sour,storbritannien,330.0,24.9,6.0,4.0,1.0,Passar till fiskPassar till grönsakerPassar till fågelPassar till sällskapsdryck,syrlig öl,berliner weisse,7.545454545454546
3874,carlskrona,julöl,sverige,330.0,25.9,7.0,7.0,2.0,Passar till fågelPassar till fläskPassar till lammPassar till sällskapsdryck,ale,,7.848484848484848
3875,bo otto's,neipa,sverige,330.0,33.7,6.0,7.0,2.0,Passar till fågelPassar till fläskPassar till sällskapsdryck,ale,new england ipa/hazy ipa,10.212121212121213
3876,beerbera,,italien,375.0,99.2,,,,,syrlig öl,frukt,26.453333333333333
3877,einbecker,ainpöckisch bier 1378,tyskland,330.0,22.9,,,,,ljus lager,ljus bocköl,6.939393939393939
3878,karlsborg jubileum,,sverige,330.0,27.4,6.0,6.0,1.0,Passar till fläskPassar till lammPassar till sällskapsdryck,ljus lager,dortmunder och helles,8.303030303030303
3879,relatable relic,flanders style sour red ale,usa,750.0,249.9,,,,,syrlig öl,flamländsk röd och brun öl,33.32
3880,gose fresca,kiwi & sabro nordic sour,finland,330.0,43.0,,,,,syrlig öl,gose och lichtenhainer,13.030303030303031
3881,anarchy brew co,flat out indian pale ale,storbritannien,440.0,40.7,,,,,ale,session ipa,9.250000000000002
3882,alhambra,reserva 1925,spanien,700.0,47.9,6.0,7.0,2.0,Passar till fläskPassar till lammPassar till nötPassar till sällskapsdryck,ljus lager,starkare lager,6.8428571428571425
3883,brouwerij kees,kees spring blossom,nederländerna,330.0,38.9,,,,,ale,golden/blond ale,11.787878787878787
3884,berentsens brygghus,catcher in the rye,norge,330.0,44.9,,,,,ale,trippel,13.606060606060606
3885,relatable relic,flanders style sour red ale,usa,750.0,249.9,,,,,syrlig öl,flamländsk röd och brun öl,33.32
3886,gose fresca,kiwi & sabro nordic sour,finland,330.0,43.0,,,,,syrlig öl,gose och lichtenhainer,13.030303030303031
3887,anarchy brew co,flat out indian pale ale,storbritannien,440.0,40.7,,,,,ale,session ipa,9.250000000000002
3888,alhambra,reserva 1925,spanien,700.0,47.9,6.0,7.0,2.0,Passar till fläskPassar till lammPassar till nötPassar till sällskapsdryck,ljus lager,starkare lager,6.8428571428571425
3889,brouwerij kees,kees spring blossom,nederländerna,330.0,38.9,,,,,ale,golden/blond ale,11.787878787878787
3890,ancient pixels,scotch ale,storbritannien,440.0,54.5,,,,,ale,skotsk ale,12.386363636363637
3891,monty python's holy grail,,storbritannien,500.0,31.9,,,,,ale,golden/blond ale,6.38
3892,weltenburger,anno 1050,tyskland,500.0,28.0,,,,,mellanmörk lager,märzen och wienerstil,5.6000000000000005
3893,weltenburger,asam bock,tyskland,500.0,35.0,,,,,mörk lager,dubbelbock,7.000000000000001
3894,bombardier,,storbritannien,500.0,25.9,6.0,7.0,2.0,Passar till fågelPassar till fläskPassar till nötPassar till sällskapsdryck,ale,engelsk pale ale och bitter,5.18
3895,roy i want a hilux,,storbritannien,440.0,69.9,,,,,ale,amerikansk pale ale,15.886363636363637
3896,centurion's ghost,,storbritannien,500.0,33.9,,,,,ale,brown ale,6.78
3897,chimay,röd,belgien,330.0,28.9,5.0,7.0,4.0,Passar till nötPassar till ostPassar till vilt,ale,belgisk mörk ale,8.757575757575758
3898,proper job,,storbritannien,500.0,35.9,8.0,7.0,3.0,Passar till lammPassar till nötPassar till sällskapsdryck,ale,india pale ale,7.180000000000001
3899,gulden draak,9000 quadruple,belgien,330.0,42.9,5.0,8.0,3.0,Passar till lammPassar till nötPassar till sällskapsdryck,ale,abt och kvadrupel,13.0
3900,iron maiden,trooper,storbritannien,330.0,23.9,5.0,5.0,2.0,Passar till fläskPassar till lammPassar till sällskapsdryck,ale,engelsk pale ale och bitter,7.242424242424242
3901,helsingborgs lager,,sverige,20000.0,,,,,,ljus lager,modern stil/india pale lager,
3902,hofbräu dunkel,,tyskland,500.0,23.9,,,,,mörk lager,dunkel,4.779999999999999
3903,old tom,frederic robinson ltd,storbritannien,330.0,32.9,6.0,8.0,5.0,Passar till nötPassar till sällskapsdryckPassar till vilt,ale,strong ale,9.969696969696969
3904,6 top trappister,,belgien,,219.6,,,,,annan öl,öl av flera typer/stilar,
3905,einbecker,ur-bock hel,tyskland,330.0,21.9,,,,,ljus lager,ljus bocköl,6.636363636363636
3906,bogesund 1604,,tjeckien,500.0,23.8,6.0,6.0,2.0,Passar till fågelPassar till fläskPassar till sällskapsdryck,ljus lager,pilsner,4.760000000000001
3907,valmiermuiza,alus,lettland,500.0,32.1,,,,,mellanmörk lager,märzen och wienerstil,6.420000000000001
3908,andechser,doppelbock dunkel,tyskland,500.0,35.9,,,,,mörk lager,dubbelbock,7.180000000000001
3909,lone star lager,,usa,355.0,17.0,3.0,4.0,2.0,Passar till fiskPassar till fågelPassar till fläskPassar till sällskapsdryck,ljus lager,internationell stil,4.788732394366197
3910,maredsous,tripel,belgien,330.0,33.9,,,,,ale,trippel,10.272727272727272
3911,åhus nils pils,klassisk lager,sverige,330.0,24.9,6.0,6.0,1.0,Passar till fiskPassar till fågelPassar till sällskapsdryck,ljus lager,modern stil/india pale lager,7.545454545454546
3912,jai alai,india pale ale,usa,355.0,27.9,9.0,8.0,3.0,Passar till sällskapsdryckPassar till fläskPassar till lamm,ale,india pale ale,7.859154929577464
3913,cervisiam,enough to make a mango sour,norge,330.0,44.5,2.0,6.0,1.0,Passar till sällskapsdryck,syrlig öl,berliner weisse,13.484848484848486
3914,out to lunch,selection #1,sverige,,210.0,,,,,imperial porter och stout,,
3915,poppels bryggeri,ruby white stout,sverige,330.0,59.0,,,,,imperial porter och stout,,17.87878787878788
3916,when hazy met sally,double ipa,tyskland,440.0,54.6,,,,,ale,imperial/dubbel ipa,12.40909090909091
3917,doubleheeder,dipa,storbritannien,440.0,79.9,,,,,ale,imperial/dubbel ipa,18.15909090909091
3918,lindheim,coolship cherry,norge,375.0,94.9,,,,,övrig syrlig öl,,25.306666666666665
3919,persica,wild wild brett golden sour ale,usa,750.0,249.0,,,,,övrig syrlig öl,,33.2
3920,fuller´s,frontier london premium lager,storbritannien,330.0,17.9,,,,,ljus lager,modern stil/india pale lager,5.424242424242424
3921,omnipollo,boy citra session india pale ale,sverige,330.0,29.9,,,,,ale,session ipa,9.06060606060606
3922,coolhead,passion of the beets nordic sour,finland,330.0,43.0,,,,,övrig syrlig öl,,13.030303030303031
3923,anarchy brew co,the great elmyra barley wine,storbritannien,330.0,50.4,,,,,ale,barley wine,15.272727272727272
3924,brewheart,haze anatomy ddh double ipa,tyskland,440.0,59.7,,,,,ale,imperial/dubbel ipa,13.568181818181818
3925,soundwave,india pale ale,storbritannien,330.0,26.9,,,,,ale,india pale ale,8.15151515151515
3926,out to lunch,selection #1,sverige,,210.0,,,,,imperial porter och stout,,
3927,birra poretti,premium lager,italien,330.0,16.9,,,,,ljus lager,modern stil/india pale lager,5.121212121212121
3928,salty kiss,gooseberry gose,storbritannien,330.0,24.9,,,,,syrlig öl,gose och lichtenhainer,7.545454545454546
3929,bryggmästarens,premium gold,sverige,330.0,13.9,6.0,6.0,1.0,Passar till buffématPassar till grönsakerPassar till sällskapsdryckPassar till fisk,ljus lager,dortmunder och helles,4.212121212121212
3930,monkey wrench,,storbritannien,500.0,40.3,,,,,ale,strong ale,8.059999999999999
3931,kona,longboard lager,usa,355.0,22.9,6.0,5.0,1.0,Passar till fiskPassar till fågelPassar till grönsakerPassar till sällskapsdryck,ljus lager,modern stil/india pale lager,6.450704225352112
3932,aventinus,weizen-eisbock,tyskland,330.0,34.9,,,,,mörk lager,isbock,10.575757575757576
3933,o'hara's,irish red,irland,500.0,30.9,,,,,ale,irländsk ale,6.18
3934,weihenstephaner vitus,weizenbock,tyskland,500.0,27.0,2.0,5.0,2.0,Passar till asiatisktPassar till fågelPassar till kryddstarktPassar till sällskapsdryck,veteöl,weizenbock,5.4
3935,krusovice,imperial,tjeckien,330.0,15.9,6.0,6.0,1.0,Passar till fiskPassar till fågelPassar till fläskPassar till sällskapsdryck,ljus lager,pilsner,4.818181818181818
3936,doubleheeder,dipa,storbritannien,440.0,79.9,,,,,ale,imperial/dubbel ipa,18.15909090909091
3937,fuller´s,frontier london premium lager,storbritannien,330.0,17.9,,,,,ljus lager,modern stil/india pale lager,5.424242424242424
3938,omnipollo,boy citra session india pale ale,sverige,330.0,29.9,,,,,ale,session ipa,9.06060606060606
3939,coolhead,passion of the beets nordic sour,finland,330.0,43.0,,,,,övrig syrlig öl,,13.030303030303031
3940,anarchy brew co,the great elmyra barley wine,storbritannien,330.0,50.4,,,,,ale,barley wine,15.272727272727272
3941,brewheart,haze anatomy ddh double ipa,tyskland,440.0,59.7,,,,,ale,imperial/dubbel ipa,13.568181818181818
3942,soundwave,india pale ale,storbritannien,330.0,26.9,,,,,ale,india pale ale,8.15151515151515
3943,urbock 23°,,österrike,330.0,50.4,,,,,mörk lager,dubbelbock,15.272727272727272
3944,fuller's,golden pride,storbritannien,330.0,22.4,6.0,8.0,3.0,Passar till lammPassar till nötPassar till sällskapsdryck,ale,strong ale,6.787878787878787
3945,krusovice,imperial,tjeckien,330.0,15.9,6.0,6.0,1.0,Passar till fiskPassar till fågelPassar till fläskPassar till sällskapsdryck,ljus lager,pilsner,4.818181818181818
3946,löwenbräu oktoberfestbier,,tyskland,500.0,23.0,5.0,5.0,1.0,Passar till sällskapsdryckPassar till fågelPassar till fläskPassar till fisk,mellanmörk lager,märzen och wienerstil,4.6
3947,bzart,"lambiek millésime, 2016",belgien,750.0,209.0,,,,,syrlig öl,gueuze,27.866666666666667
3948,traquair,house ale,storbritannien,330.0,27.9,5.0,8.0,3.0,Passar till lammPassar till nötPassar till sällskapsdryck,ale,skotsk ale,8.454545454545453
3949,barbarossa imperial red ale,imperiebryggeriet,sverige,330.0,39.9,5.0,6.0,3.0,Passar till lammPassar till nötPassar till sällskapsdryck,ale,strong ale,12.090909090909092
3950,ridgeway,oxfordshire blue,storbritannien,500.0,35.9,,,,,ale,golden/blond ale,7.180000000000001
3951,flensburger gold,party keg,tyskland,5000.0,378.3,,,,,ljus lager,pilsner,7.566000000000001
3952,valmiermuiza,dark,lettland,500.0,34.9,,,,,mörk lager,dunkel,6.98
3953,boulevard,tank 7 farmhouse ale,usa,330.0,32.9,,,,,ale,saison,9.969696969696969
3954,achel,blond bier,belgien,330.0,32.9,,,,,ale,belgisk ljus ale,9.969696969696969
3955,cherry chouffe,,belgien,330.0,35.5,,,,,ale,belgisk mörk ale,10.757575757575758
3956,naked sauna,sour,finland,330.0,43.9,2.0,4.0,1.0,Passar till aperitifPassar till fiskPassar till grönsakerPassar till skaldjur,övrig syrlig öl,,13.303030303030303
3957,nameless mist,farmhouse wheat,sverige,375.0,59.9,2.0,6.0,1.0,Passar till aperitifPassar till sällskapsdryck,övrig syrlig öl,,15.973333333333334
3958,kozel,premium lager,tjeckien,500.0,14.9,4.0,4.0,2.0,Passar till fiskPassar till fågelPassar till fläsk,ljus lager,pilsner,2.98
3959,saké lager by iron maiden,trooper sun and steel,storbritannien,330.0,26.9,,,,,ljus lager,internationell stil,8.15151515151515
3960,lingon,jackdaw brewery,sverige,330.0,68.9,2.0,3.0,1.0,Passar till aperitifPassar till sällskapsdryck,övrig syrlig öl,,20.87878787878788
3961,rebel original,premium,tjeckien,500.0,22.0,,,,,ljus lager,pilsner,4.3999999999999995
3962,how to make em rage quit,session ipa,sverige,330.0,27.9,7.0,6.0,2.0,Passar till fågelPassar till fläskPassar till sällskapsdryck,ale,session ipa,8.454545454545453
3963,lazy eye pale ale,,sverige,330.0,29.5,,,,,ale,amerikansk pale ale,8.93939393939394
3964,elberta peach,golden sour ale,usa,750.0,249.0,,,,,övrig syrlig öl,,33.2
3965,rodenbach,fruitage,belgien,250.0,21.9,,,,,övrig syrlig öl,,8.76
3966,stone cold,pale ale,storbritannien,500.0,60.8,,,,,ale,engelsk pale ale och bitter,12.16
3967,lapin kulta,,finland,330.0,11.9,,,,,ljus lager,internationell stil,3.6060606060606064
3968,trooper ipa,,storbritannien,500.0,34.9,,,,,ale,india pale ale,6.98
3969,beerbrugna,sour fruit aged ale,italien,375.0,99.2,,,,,syrlig öl,frukt,26.453333333333333
3970,lush,,storbritannien,440.0,59.9,,,,,ale,amerikansk pale ale,13.613636363636363
3971,ddh cloudy,new england india pale ale,polen,500.0,59.6,,,,,ale,new england ipa/hazy ipa,11.92
3972,gulden draak,,belgien,330.0,39.9,,,,,ale,belgisk mörk ale,12.090909090909092
3973,saison dupont,,belgien,330.0,26.5,,,,,ale,saison,8.030303030303031
3974,åbro export,,sverige,500.0,15.9,,,,,ljus lager,dortmunder och helles,3.18
3975,o'hara's,irish stout,irland,500.0,29.9,6.0,7.0,2.0,Passar till lammPassar till nötPassar till viltPassar till sällskapsdryck,torr porter och stout,,5.9799999999999995
3976,houblon chouffe,dobbelen india pale ale triple,belgien,330.0,32.9,,,,,ale,india pale ale,9.969696969696969
3977,budvar,budejovicky dark lager,tjeckien,500.0,17.9,,,,,mörk lager,dunkel,3.58
3978,north coast,red seal ale,usa,355.0,27.9,,,,,ale,amerikansk pale ale,7.859154929577464
3979,riggwelter,strong ale,storbritannien,500.0,32.9,,,,,ale,strong ale,6.58
3980,black sheep ale,,storbritannien,500.0,30.9,,,,,ale,amber ale,6.18
3981,hofbräu münchen,schwarze weisse,tyskland,500.0,23.9,,,,,veteöl,dunkelweizen,4.779999999999999
3982,sofiero original,,sverige,30000.0,,,,,,ljus lager,internationell stil,
3983,störtebeker kellerbier,1402 bio,tyskland,330.0,16.9,,,,,ljus lager,zwickel,5.121212121212121
3984,ridgeway,india pale ale,storbritannien,500.0,37.9,,,,,ale,india pale ale,7.579999999999999
3985,kriek,mariage parfait,belgien,375.0,69.0,,,,,syrlig öl,frukt,18.4
3986,gipsy hill,squashed peach and vanilla,storbritannien,440.0,59.9,,,,,annan öl,,13.613636363636363
3987,swag juice,sour ale,usa,473.0,89.9,,,,,syrlig öl,gose och lichtenhainer,19.00634249471459
3988,thornbridge,"cocoa wonderland 6,8%",storbritannien,330.0,28.5,6.0,7.0,3.0,Passar till lammPassar till nötPassar till viltPassar till sällskapsdryck,imperial porter och stout,,8.636363636363637
3989,hollandia premium,,nederländerna,330.0,7.9,,,,,ljus lager,internationell stil,2.393939393939394
3990,seven brothers,don't milk it vegan milkshake ipa,storbritannien,440.0,42.7,,,,,ale,new england ipa/hazy ipa,9.704545454545455
3991,skjálfti,,island,330.0,30.0,,,,,mellanmörk lager,california common,9.090909090909092
3992,bryggmästarens,bästa pilsner,sverige,500.0,15.9,,,,,ljus lager,pilsner,3.18
3993,st andrews ale,,storbritannien,500.0,27.0,6.0,6.0,2.0,Passar till lammPassar till nötPassar till sällskapsdryck,ale,skotsk ale,5.4
3994,boon oude geuze,lambic,belgien,375.0,45.0,3.0,6.0,1.0,Passar till fiskPassar till skaldjurPassar till sällskapsdryck,syrlig öl,gueuze,12.0
3995,spaten oktoberfestbier,,tyskland,500.0,23.0,5.0,5.0,2.0,Passar till fläskPassar till fågelPassar till sällskapsdryck,mellanmörk lager,märzen och wienerstil,4.6
3996,berliner,pilsner,tyskland,500.0,44.6,,,,,ljus lager,pilsner,8.92
3997,maredsous,brune,belgien,330.0,31.9,5.0,7.0,4.0,Passar till lammPassar till nötPassar till sällskapsdryckPassar till vilt,ale,belgisk mörk ale,9.666666666666666
3998,oud beersel,framboise,belgien,375.0,53.0,,,,,syrlig öl,frukt,14.133333333333335
3999,zeunerts merke,,sverige,500.0,15.9,5.0,5.0,1.0,Passar till fågelPassar till fläskPassar till sällskapsdryck,ljus lager,internationell stil,3.18
4000,leikeim,steinbier,tyskland,500.0,33.9,,,,,,,6.78
4001,high wire,west coast  pale ale,storbritannien,330.0,25.9,,,,,ale,amerikansk pale ale,7.848484848484848
4002,peroni nastro azzurro,gluten free,italien,330.0,18.9,4.0,4.0,2.0,Passar till fiskPassar till fågelPassar till fläskPassar till sällskapsdryck,ljus lager,internationell stil,5.727272727272727
4003,andechser,special hell,tyskland,500.0,33.9,,,,,ljus lager,dortmunder och helles,6.78
4004,wittja brygghus,einars ale american pale ale,sverige,330.0,30.3,7.0,7.0,3.0,Passar till sällskapsdryckPassar till fågelPassar till fläsk,ale,amerikansk pale ale,9.181818181818183
4005,dieu du ciel,aphrodite,kanada,341.0,39.9,,,,,söt porter och stout,,11.700879765395895
4006,3 fonteinen,cuvée armand & gaston,belgien,1500.0,429.0,,,,,syrlig öl,gueuze,28.599999999999998
4007,gipsy hill,outlooker,storbritannien,440.0,64.9,,,,,övrig syrlig öl,,14.750000000000002
4008,trooper,fear of the dark,storbritannien,500.0,33.9,7.0,7.0,2.0,Passar till lammPassar till nötPassar till viltPassar till sällskapsdryck,torr porter och stout,,6.78
4009,even sharks need water,ipa,storbritannien,440.0,69.9,6.0,7.0,3.0,Passar till fågelPassar till fläskPassar till sällskapsdryck,ale,india pale ale,15.886363636363637
4010,kirin ichiban,,,500.0,19.9,,,,,ljus lager,internationell stil,3.9799999999999995
4011,kees hazy sunrise,new england ipa,nederländerna,330.0,43.5,,,,,ale,india pale ale,13.18181818181818
4012,gammelbacka björka,,sverige,330.0,52.9,2.0,6.0,2.0,Passar till fläskPassar till fågelPassar till sällskapsdryck,övrig syrlig öl,,16.03030303030303
4013,fedora,blonde ale doppio malto,italien,500.0,43.9,5.0,7.0,2.0,Passar till sällskapsdryckPassar till grönsakerPassar till fågelPassar till fläsk,ale,golden/blond ale,8.780000000000001
4014,burnt mill,mutliverse level 2,storbritannien,440.0,64.9,,,,,ale,india pale ale,14.750000000000002
4015,bluestone brewing,cragfast west coast ipa,storbritannien,500.0,60.7,,,,,ale,india pale ale,12.14
4016,puhaste extremum fato,rye whisky barrel aged,estland,330.0,94.9,,,,,imperial porter och stout,,28.757575757575758
4017,bloom,india pale ale,storbritannien,440.0,69.9,,,,,ale,india pale ale,15.886363636363637
4018,hofmantorps,lager,sverige,330.0,22.9,4.0,4.0,1.0,Passar till fiskPassar till grönsakerPassar till skaldjurPassar till sällskapsdryck,ljus lager,internationell stil,6.939393939393939
4019,boon kriek,lambic,belgien,375.0,39.9,,,,,syrlig öl,frukt,10.639999999999999
4020,pangpang brewery,tully pineapple sour ale,sverige,250.0,44.9,,,,,övrig syrlig öl,,17.959999999999997
4021,la goudale,,frankrike,330.0,24.9,4.0,7.0,2.0,Passar till fiskPassar till fågelPassar till fläskPassar till ost,ale,belgisk ljus ale,7.545454545454546
4022,grolsch,premium lager,nederländerna,1500.0,109.0,,,,,ljus lager,internationell stil,7.2666666666666675
4023,leffe,brune,belgien,330.0,20.9,4.0,7.0,4.0,Passar till fläskPassar till lammPassar till nötPassar till vilt,ale,belgisk mörk ale,6.333333333333332
4024,grolsch,premium lager,nederländerna,450.0,19.4,5.0,5.0,1.0,Passar till buffématPassar till fågelPassar till fläskPassar till sällskapsdryck,ljus lager,internationell stil,4.311111111111111
4025,menabrea,birra ambrata,italien,330.0,18.9,6.0,6.0,3.0,Passar till grönsakerPassar till sällskapsdryckPassar till fläskPassar till lamm,mellanmörk lager,märzen och wienerstil,5.727272727272727
4026,allagash brewing,coolship red,usa,375.0,117.9,,,,,övrig syrlig öl,,31.44
4027,to øl natur,krystaline dreams mixed fermentation spelt ale dinkel,danmark,750.0,159.0,,,,,annan öl,öl av flera typer/stilar,21.2
4028,åhus,otto byggmästare,sverige,330.0,26.0,,,,,ljus lager,modern stil/india pale lager,7.878787878787878
4029,st feuillien,blond,belgien,330.0,27.0,,,,,ale,belgisk ljus ale,8.181818181818182
4030,sierra nevada,porter,usa,355.0,26.9,6.0,7.0,2.0,Passar till lammPassar till nötPassar till vilt,torr porter och stout,,7.577464788732394
4031,aass,juleøl,norge,330.0,24.9,5.0,7.0,7.0,Passar till ostPassar till nötPassar till lammPassar till sällskapsdryck,mellanmörk lager,märzen och wienerstil,7.545454545454546
4032,blanche de namur,,belgien,330.0,20.9,,,,,veteöl,witbier,6.333333333333332
4033,vedett,wit,belgien,330.0,20.9,4.0,5.0,1.0,Passar till asiatisktPassar till fiskPassar till fläskPassar till kryddstarkt,veteöl,witbier,6.333333333333332
4034,störtebeker,pilsener-bier,tyskland,500.0,22.9,,,,,ljus lager,pilsner,4.58
4035,north coast brewing,brother thelonius,usa,355.0,45.0,,,,,ale,belgisk mörk ale,12.676056338028168
4036,trumer,pils,österrike,330.0,19.9,,,,,,,6.030303030303029
4037,meantime,london pale ale,storbritannien,330.0,21.9,7.0,6.0,1.0,Passar till fläskPassar till lammPassar till nötPassar till sällskapsdryck,ale,engelsk pale ale och bitter,6.636363636363636
4038,nils oscar,vinjak barrel old ale,sverige,330.0,49.8,,,,,ale,old ale,15.090909090909092
4039,guinness,west indies porter,irland,500.0,25.9,,,,,porter och stout,,5.18
4040,liefmans,kriek brut,belgien,330.0,31.9,,,,,syrlig öl,flamländsk röd och brun öl,9.666666666666666
4041,lion,stout,sri lanka,625.0,75.2,,,,,imperial porter och stout,,12.032000000000002
4042,brewdog vagabond,pale ale gluten free beer,storbritannien,330.0,28.9,,,,,ale,amerikansk pale ale,8.757575757575758
4043,back to basic ipa,,sverige,330.0,33.7,6.0,7.0,3.0,Passar till lammPassar till fläskPassar till sällskapsdryck,ale,india pale ale,10.212121212121213
4044,dessert in a can,rocky road,norge,330.0,59.9,,,,,imperial porter och stout,,18.151515151515152
4045,esplanad sommarale,hops n' leon of skaraborg ab,sverige,500.0,41.0,5.0,6.0,2.0,Passar till fågelPassar till fläskPassar till sällskapsdryck,ale,amerikansk pale ale,8.200000000000001
4046,st austell,tribute,storbritannien,500.0,33.9,7.0,5.0,2.0,Passar till lammPassar till nötPassar till sällskapsdryck,ale,engelsk pale ale och bitter,6.78
4047,jever,fatöl,tyskland,30000.0,,,,,,ljus lager,pilsner,
4048,stallhagen,baltic porter,finland,330.0,24.9,7.0,7.0,2.0,Passar till lammPassar till nötPassar till sällskapsdryckPassar till vilt,imperial porter och stout,,7.545454545454546
4049,mungatt,mölska,sverige,330.0,46.7,,,,,ale,,14.15151515151515
4050,goliat,coffee stout aged in bourbon barrels,danmark,375.0,119.0,,,,,imperial porter och stout,,31.733333333333334
4051,trip in the woods,visions of sugar plums,usa,750.0,209.0,,,,,annan öl,öl av flera typer/stilar,27.866666666666667
4052,kormoran,imperium prunum,polen,375.0,119.0,,,,,imperial porter och stout,,31.733333333333334
4053,brygghus 19,easter delight,sverige,330.0,24.9,5.0,8.0,5.0,Passar till lammPassar till nötPassar till viltPassar till sällskapsdryck,mörk lager,dubbelbock,7.545454545454546
4054,hopped up and ready to go,sabro ipa,storbritannien,440.0,59.6,,,,,ale,india pale ale,13.545454545454547
4055,mangoes on with faith,,storbritannien,440.0,49.9,,,,,ale,amerikansk pale ale,11.34090909090909
4056,heartbreak usa,,storbritannien,440.0,47.0,,,,,ale,brown ale,10.681818181818182
4057,camden,pale ale,storbritannien,330.0,16.5,,,,,ale,amerikansk pale ale,5.0
4058,i.c.e of sweden,kall,sverige,330.0,25.2,7.0,6.0,1.0,Passar till fågelPassar till fläskPassar till lammPassar till sällskapsdryck,ljus lager,modern stil/india pale lager,7.636363636363636
4059,omnipollo,light light light extra bright pa,belgien,330.0,23.1,,,,,ale,amerikansk pale ale,7.000000000000001
4060,allagash brewing,fox leap,usa,375.0,117.9,,,,,övrig syrlig öl,,31.44
4061,sudden death brewing co,mosaic rocker,tyskland,440.0,66.8,,,,,ale,imperial/dubbel ipa,15.181818181818182
4062,pohjala,öö xo imperial baltic porter,estland,330.0,56.9,,,,,imperial porter och stout,,17.242424242424242
4063,boulevard,vintage stock,usa,750.0,129.9,,,,,annan öl,öl av flera typer/stilar,17.32
4064,herman hedning,belgian bastard,sverige,330.0,42.1,,,,,ale,belgisk mörk ale,12.75757575757576
4065,ysta påskbrygd,,sverige,500.0,29.5,5.0,5.0,2.0,Passar till fågelPassar till fläskPassar till grönsakerPassar till sällskapsdryck,mellanmörk lager,märzen och wienerstil,5.8999999999999995
4066,tusker,,kenya,500.0,49.4,,,,,ljus lager,internationell stil,9.879999999999999
4067,weihenstephaner,hefeweissbier dunkel,tyskland,500.0,23.9,,,,,veteöl,dunkelweizen,4.779999999999999
4068,san miguel,glutenfri,spanien,330.0,17.0,,,,,ljus lager,internationell stil,5.151515151515151
4069,fuller's 1845,,storbritannien,500.0,29.9,8.0,7.0,2.0,Passar till lammPassar till nötPassar till sällskapsdryck,ale,strong ale,5.9799999999999995
4070,jelen pivo,,serbien,330.0,17.9,6.0,5.0,2.0,Passar till fiskPassar till fågelPassar till fläsk,ljus lager,internationell stil,5.424242424242424
4071,kwak,,belgien,330.0,30.9,4.0,8.0,4.0,Passar till lammPassar till nötPassar till sällskapsdryck,ale,belgisk ljus ale,9.363636363636363
4072,maccabee,lager beer,israel,330.0,35.0,,,,,ljus lager,internationell stil,10.606060606060606
4073,omnipollo,maz,,330.0,29.0,7.0,7.0,2.0,Passar till fågelPassar till fläskPassar till sällskapsdryck,ale,amerikansk pale ale,8.787878787878787
4074,chimay dorée goud,bieres de chimay,belgien,330.0,25.9,,,,,ale,belgisk ljus ale,7.848484848484848
4075,coppersmith's,the queen's pale ale,sverige,330.0,21.5,8.0,7.0,1.0,Passar till fläskPassar till lammPassar till nötPassar till sällskapsdryck,ale,amerikansk pale ale,6.515151515151516
4076,samuel adams,rebel ipa,usa,355.0,24.9,8.0,7.0,1.0,Passar till fläskPassar till lammPassar till sällskapsdryck,ale,india pale ale,7.014084507042254
4077,heartbeat,hoppy lager,sverige,330.0,21.9,7.0,6.0,1.0,Passar till fågelPassar till fläskPassar till sällskapsdryck,ljus lager,modern stil/india pale lager,6.636363636363636
4078,oud beersel,oude geuze vieille,belgien,375.0,46.9,3.0,6.0,1.0,Passar till aperitifPassar till skaldjurPassar till sällskapsdryck,syrlig öl,gueuze,12.506666666666666
4079,andechser,weissbier hell,tyskland,500.0,32.9,,,,,veteöl,hefeweizen,6.58
4080,idlewild,storm,sverige,330.0,30.2,,,,,torr porter och stout,,9.15151515151515
4081,kona hanalei,india pale ale,usa,30000.0,,,,,,ale,session ipa,
4082,kona longboard,lager,usa,30000.0,,,,,,ljus lager,modern stil/india pale lager,
4083,sierra nevada,wild little thing,usa,355.0,27.9,,,,,övrig syrlig öl,,7.859154929577464
4084,mohawk x,10th anniversary dipa,sverige,330.0,39.9,8.0,8.0,4.0,Passar till lammPassar till nötPassar till sällskapsdryck,ale,imperial/dubbel ipa,12.090909090909092
4085,dieu du ciel,èté indien,kanada,341.0,43.9,,,,,syrlig öl,berliner weisse,12.873900293255131
4086,wessinge brygghus,mosaik ipa,sverige,20000.0,,,,,,ale,india pale ale,
4087,clown shoes,space cake dipa,usa,473.0,49.9,,,,,ale,imperial/dubbel ipa,10.54968287526427
4088,keep it simcoe,upp brewing,sverige,330.0,27.9,6.0,4.0,1.0,Passar till sällskapsdryck,ale,session ipa,8.454545454545453
4089,viven,master ipa,belgien,330.0,29.3,,,,,ale,india pale ale,8.878787878787879
4090,la gradisca,,italien,500.0,43.9,,,,,ljus lager,modern stil/india pale lager,8.780000000000001
4091,s:t annas,västkust ipa,sverige,330.0,22.9,,,,,ale,india pale ale,6.939393939393939
4092,düster,black pilsner,sverige,20000.0,,,,,,mörk lager,schwarzbier,
4093,clown shoes,bubble farm ipa,usa,355.0,29.9,,,,,ale,india pale ale,8.422535211267606
4094,speight's,gold medal ale,nya zeeland,330.0,44.7,,,,,ale,engelsk pale ale och bitter,13.545454545454547
4095,clown shoes,bubble farm ipa,usa,355.0,29.9,,,,,ale,india pale ale,8.422535211267606
4096,speight's,gold medal ale,nya zeeland,330.0,44.7,,,,,ale,engelsk pale ale och bitter,13.545454545454547
4097,idlewild,storm,sverige,330.0,30.2,,,,,torr porter och stout,,9.15151515151515
4098,kona hanalei,india pale ale,usa,30000.0,,,,,,ale,session ipa,
4099,kona longboard,lager,usa,30000.0,,,,,,ljus lager,modern stil/india pale lager,
4100,sierra nevada,wild little thing,usa,355.0,27.9,,,,,övrig syrlig öl,,7.859154929577464
4101,mohawk x,10th anniversary dipa,sverige,330.0,39.9,8.0,8.0,4.0,Passar till lammPassar till nötPassar till sällskapsdryck,ale,imperial/dubbel ipa,12.090909090909092
4102,dieu du ciel,èté indien,kanada,341.0,43.9,,,,,syrlig öl,berliner weisse,12.873900293255131
4103,wessinge brygghus,mosaik ipa,sverige,20000.0,,,,,,ale,india pale ale,
4104,clown shoes,space cake dipa,usa,473.0,49.9,,,,,ale,imperial/dubbel ipa,10.54968287526427
4105,keep it simcoe,upp brewing,sverige,330.0,27.9,6.0,4.0,1.0,Passar till sällskapsdryck,ale,session ipa,8.454545454545453
4106,fate/faith,västerås gose,sverige,330.0,39.8,,,,,syrlig öl,gose och lichtenhainer,12.060606060606059
4107,la cadette,french lager,frankrike,330.0,22.0,,,,,ljus lager,internationell stil,6.666666666666667
4108,"nevermind the average, serve the savage",,tyskland,440.0,61.6,,,,,ale,imperial/dubbel ipa,14.000000000000002
4109,overworks,beide our time,storbritannien,500.0,74.9,,,,,övrig syrlig öl,,14.980000000000002
4110,berentsens brygghus,cloudberry imperial gose,norge,330.0,49.0,,,,,syrlig öl,gose och lichtenhainer,14.84848484848485
4111,samuel smith,organic strawberry fruit,storbritannien,355.0,28.9,,,,,annan öl,öl av flera typer/stilar,8.140845070422536
4112,samuel smith,organic cherry fruit,storbritannien,355.0,28.9,,,,,annan öl,öl av flera typer/stilar,8.140845070422536
4113,brooklyn defender,ipa,sverige,330.0,23.9,,,,,ale,india pale ale,7.242424242424242
4114,bohemia regent,knize special,tjeckien,500.0,31.7,,,,,ljus lager,ljus bocköl,6.34
4115,smeerolie,imperial stout,nederländerna,440.0,98.3,,,,,imperial porter och stout,,22.34090909090909
4116,birra marechiaro,,italien,330.0,23.9,,,,,ljus lager,modern stil/india pale lager,7.242424242424242
4117,lehe,enne koitu ba maple and tonka bean stout,estland,330.0,89.0,,,,,imperial porter och stout,,26.969696969696972
4118,bakalar,za studena chmelený,tjeckien,500.0,28.7,,,,,ljus lager,pilsner,5.74
4119,småland,,sverige,500.0,15.9,,,,,ljus lager,pilsner,3.18
4120,falcon strong brew,,sverige,500.0,17.9,5.0,7.0,2.0,Passar till lammPassar till nötPassar till sällskapsdryck,ljus lager,starkare lager,3.58
4121,åbro original,starköl,sverige,500.0,15.9,5.0,5.0,2.0,Passar till fiskPassar till fågelPassar till fläsk,ljus lager,internationell stil,3.18
4122,jaktöl,the after hunt experience,sverige,500.0,18.9,4.0,4.0,1.0,Passar till fiskPassar till fågelPassar till fläsk,ljus lager,pilsner,3.7800000000000002
4123,tt,,sverige,30000.0,,,,,,ljus lager,internationell stil,
4124,radeberger,pilsner,tyskland,330.0,14.9,,,,,ljus lager,pilsner,4.515151515151515
4125,ginja ninja,,portugal,440.0,57.7,,,,,imperial porter och stout,,13.113636363636363
4126,brewheart gmbh,talus of mystery and imagination - tipa,tyskland,440.0,69.9,,,,,ale,imperial/dubbel ipa,15.886363636363637
4127,brewheart gmbh,the royal secrets of haze kelly,tyskland,440.0,62.7,,,,,ale,india pale ale,14.250000000000002
4128,gipsy hill,moneybags double ipa,storbritannien,440.0,74.9,,,,,ale,imperial/dubbel ipa,17.022727272727273
4129,squashed,smoked grapefruit rosemary,storbritannien,440.0,64.9,,,,,övrig syrlig öl,,14.750000000000002
4130,citra rocker,double india pale ale,tyskland,440.0,66.8,,,,,ale,imperial/dubbel ipa,15.181818181818182
4131,devil in disguise,double india pale ale,tyskland,440.0,66.8,,,,,ale,imperial/dubbel ipa,15.181818181818182
4132,mora bryggeri,dala-pils ljus lager,sverige,500.0,26.1,,,,,ljus lager,pilsner,5.220000000000001
4133,can in black,,tyskland,440.0,63.1,,,,,imperial porter och stout,,14.34090909090909
4134,tsingtao,premium lager,folkrepubliken kina,640.0,23.9,,,,,ljus lager,internationell stil,3.7343749999999996
4135,tubber's tipple,,storbritannien,500.0,62.5,,,,,ale,engelsk pale ale och bitter,12.5
4136,herman hedning,raljerande ragnar,sverige,330.0,28.9,,,,,,,8.757575757575758
4137,waffler,pastry stout,storbritannien,440.0,69.9,,,,,imperial porter och stout,,15.886363636363637
4138,wylam,the cold condition lager,storbritannien,440.0,49.9,,,,,ljus lager,pilsner,11.34090909090909
4139,meantime,anytime ipa,storbritannien,330.0,15.9,,,,,ale,session ipa,4.818181818181818
4140,timothy taylors,landlord pale ale,storbritannien,500.0,30.9,,,,,ale,engelsk pale ale och bitter,6.18
4141,helsingburgaburga,,sverige,330.0,44.9,,,,,imperial porter och stout,,13.606060606060606
4142,thornbridge,pondera wc ipa,storbritannien,440.0,39.9,,,,,ale,india pale ale,9.068181818181818
4143,"nevermind the average, serve the savage",,tyskland,440.0,61.6,,,,,ale,imperial/dubbel ipa,14.000000000000002
4144,overworks,beide our time,storbritannien,500.0,74.9,,,,,övrig syrlig öl,,14.980000000000002
4145,poppels bryggeri,mexican lager,sverige,750.0,59.0,,,,,ljus lager,internationell stil,7.866666666666666
4146,oharas irish nitro,stout,irland,440.0,29.1,,,,,torr porter och stout,,6.613636363636364
4147,pohjala,kosmos re indian pale ale,estland,330.0,32.9,,,,,ale,india pale ale,9.969696969696969
4148,dregens riff collection,,sverige,,688.8,,,,,annan öl,öl av flera typer/stilar,
4149,de molen dag&dauw,bergamot india pale ale,nederländerna,330.0,37.9,,,,,ale,india pale ale,11.484848484848484
4150,de molen,hamer & sikkel porter,nederländerna,330.0,33.9,,,,,imperial porter och stout,,10.272727272727272
4151,brewheart,the adventures of hazy duck,tyskland,440.0,70.1,,,,,ale,imperial/dubbel ipa,15.93181818181818
4152,primator,premium lager,tjeckien,330.0,14.4,5.0,5.0,1.0,Passar till buffématPassar till fågelPassar till fläskPassar till nöt,ljus lager,pilsner,4.363636363636364
4153,åbro original,starköl,sverige,30000.0,,,,,,ljus lager,internationell stil,
4154,bakalar,za studena chmelený,tjeckien,500.0,28.7,,,,,ljus lager,pilsner,5.74
4155,småland,,sverige,500.0,15.9,,,,,ljus lager,pilsner,3.18
4156,falcon strong brew,,sverige,500.0,17.9,5.0,7.0,2.0,Passar till lammPassar till nötPassar till sällskapsdryck,ljus lager,starkare lager,3.58
4157,åbro original,starköl,sverige,500.0,15.9,5.0,5.0,2.0,Passar till fiskPassar till fågelPassar till fläsk,ljus lager,internationell stil,3.18
4158,jaktöl,the after hunt experience,sverige,500.0,18.9,4.0,4.0,1.0,Passar till fiskPassar till fågelPassar till fläsk,ljus lager,pilsner,3.7800000000000002
4159,tt,,sverige,30000.0,,,,,,ljus lager,internationell stil,
4160,radeberger,pilsner,tyskland,330.0,14.9,,,,,ljus lager,pilsner,4.515151515151515
4161,pivovar herold,bohemian black lager,tjeckien,500.0,29.1,,,,,,,5.82
4162,pivovar herold,premium lager,tjeckien,500.0,28.1,,,,,ljus lager,pilsner,5.62
4163,st austell hicks,cornish ale,storbritannien,500.0,38.9,,,,,ale,strong ale,7.779999999999999
4164,gold star,dark lager,israel,330.0,34.9,,,,,mellanmörk lager,,10.575757575757576
4165,to øl,reparationsbajer,,330.0,31.9,,,,,ale,amerikansk pale ale,9.666666666666666
4166,keo,premium beer,cypern,630.0,29.1,,,,,ljus lager,internationell stil,4.6190476190476195
4167,propeller,nachflug imperial stout,tyskland,330.0,49.6,,,,,imperial porter och stout,,15.03030303030303
4168,phoenix beer,,mauritius,330.0,44.4,,,,,ljus lager,internationell stil,13.454545454545455
4169,victoria bitter,,australien,375.0,42.5,,,,,ljus lager,internationell stil,11.333333333333332
4170,singha,,thailand,630.0,29.9,4.0,4.0,2.0,Passar till asiatisktPassar till fågelPassar till fiskPassar till sällskapsdryck,ljus lager,internationell stil,4.746031746031746
4171,daleside,old leg over,storbritannien,500.0,35.6,,,,,ale,engelsk pale ale och bitter,7.12
4172,mc chouffe,brune,belgien,330.0,32.9,4.0,8.0,5.0,Passar till sällskapsdryckPassar till lammPassar till nöt,ale,belgisk mörk ale,9.969696969696969
4173,961 beer,lebanese pale ale,libanon,330.0,26.9,,,,,annan öl,,8.15151515151515
4174,mohawk,unfiltered lager,belgien,330.0,26.9,,,,,ljus lager,modern stil/india pale lager,8.15151515151515
4175,sierra nevada,kellerweis,usa,355.0,29.9,,,,,veteöl,hefeweizen,8.422535211267606
4176,moritz,,spanien,330.0,17.8,,,,,ljus lager,internationell stil,5.393939393939394
4177,la trappe,blond,nederländerna,750.0,79.9,,,,,ale,belgisk ljus ale,10.653333333333334
4178,la trappe,isid'or,nederländerna,750.0,79.9,,,,,ale,belgisk mörk ale,10.653333333333334
4179,grado plato,melissa,italien,750.0,101.6,,,,,annan öl,,13.546666666666665
4180,fuller's,india pale ale,storbritannien,500.0,26.9,,,,,ale,india pale ale,5.38
4181,augustiner bräu,edelstoff,tyskland,500.0,46.8,,,,,ljus lager,dortmunder och helles,9.36
4182,gulden draak,,belgien,750.0,105.9,,,,,ale,belgisk mörk ale,14.120000000000003
4183,black sheep,ale,storbritannien,500.0,49.5,,,,,ale,engelsk pale ale och bitter,9.9
4184,staropramen,,tjeckien,30000.0,,,,,,ljus lager,pilsner,
4185,mariestads,den stora smakresan,sverige,,,,,,,annan öl,öl av flera typer/stilar,
4186,schlappeseppel,dunkel,tyskland,330.0,22.8,,,,,mörk lager,dunkel,6.909090909090909
4187,kozel,dark,tjeckien,500.0,16.9,5.0,6.0,2.0,Passar till lammPassar till nötPassar till sällskapsdryck,mörk lager,dunkel,3.38
4188,lion,stout,sri lanka,330.0,43.5,,,,,imperial porter och stout,,13.18181818181818
4189,3 monts,,frankrike,330.0,35.0,,,,,ale,bière de garde,10.606060606060606
4190,martha krieger,spitzenpilsner,tyskland,330.0,22.9,7.0,6.0,1.0,Passar till fiskPassar till fågelPassar till fläskPassar till sällskapsdryck,ljus lager,pilsner,6.939393939393939
4191,little creatures,india pale ale,australien,330.0,51.5,,,,,ale,india pale ale,15.606060606060607
4192,3 fonteinen,oude kriek,belgien,375.0,99.0,,,,,syrlig öl,frukt,26.400000000000002
4193,ahlafors,jubileums ipa,sverige,30000.0,,,,,,ale,india pale ale,
4194,siren,yu lu session pale ale,storbritannien,330.0,25.9,,,,,ale,amerikansk pale ale,7.848484848484848
4195,fischer tradition,,frankrike,650.0,55.7,,,,,ljus lager,starkare lager,8.569230769230769
4196,mjödhamnen,mölska tallstrunt,sverige,330.0,38.1,,,,,annan öl,öl av flera typer/stilar,11.545454545454547
4197,rådanäs,pale ale,sverige,30000.0,,,,,,ale,amerikansk pale ale,
4198,hanami yuzu,nomada india pale lager,spanien,330.0,27.9,,,,,ljus lager,modern stil/india pale lager,8.454545454545453
4199,häxkitteln jotun,,sverige,330.0,29.9,4.0,6.0,1.0,Passar till fågelPassar till fläskPassar till sällskapsdryck,annan öl,öl av flera typer/stilar,9.06060606060606
4200,coolhead,ginger sour,finland,330.0,45.5,,,,,övrig syrlig öl,,13.787878787878787
4201,brugse,zot dubbel,belgien,330.0,35.4,,,,,ale,dubbel,10.727272727272727
4202,coolhead,lemon liquorice sour,finland,330.0,42.5,,,,,övrig syrlig öl,,12.878787878787879
4203,hazy/dc,ddh ipa,tyskland,440.0,48.5,,,,,ale,new england ipa/hazy ipa,11.022727272727273
4204,beeding best,bitter,storbritannien,500.0,60.3,,,,,ale,engelsk pale ale och bitter,12.06
4205,tangmere tower,,storbritannien,500.0,60.4,,,,,ale,golden/blond ale,12.079999999999998
4206,dirty arthur,,storbritannien,500.0,61.3,,,,,,,12.26
4207,hertenheer,blond,belgien,330.0,55.1,,,,,ale,belgisk ljus ale,16.696969696969695
4208,meantime,london pale ale,storbritannien,330.0,15.9,,,,,ale,engelsk pale ale och bitter,4.818181818181818
4209,snö,,tjeckien,500.0,29.2,,,,,ljus lager,pilsner,5.84
4210,popcorn,cream ale,sverige,330.0,32.5,,,,,annan öl,,9.848484848484848
4211,unplanned alignment,india pale ale,storbritannien,440.0,79.9,,,,,ale,india pale ale,18.15909090909091
4212,yorkshire terrier,amber ale,storbritannien,500.0,31.9,,,,,ale,amber ale,6.38
4213,smögen ale,gullholmens prima,sverige,330.0,16.9,,,,,ale,amber ale,5.121212121212121
4214,soup,indian pale ale,spanien,440.0,64.1,,,,,ale,india pale ale,14.568181818181817
4215,kees export porter 1750,,nederländerna,330.0,47.8,,,,,imperial porter och stout,,14.484848484848484
4216,thornbridge,jaipur ipa,storbritannien,330.0,25.9,,,,,ale,india pale ale,7.848484848484848
4217,gipsy hill,ovni ipa,storbritannien,440.0,59.9,,,,,ale,india pale ale,13.613636363636363
4218,coolhead,sea buckthorn gose nordic sour,finland,330.0,43.0,,,,,syrlig öl,gose och lichtenhainer,13.030303030303031
4219,thornbridge,halcyon imperial ipa,storbritannien,440.0,39.9,,,,,ale,imperial/dubbel ipa,9.068181818181818
4220,arboga,julöl,sverige,500.0,12.9,,,,,mörk lager,dunkel,2.58
4221,skedemosse gårdsbryggeri,blå jungfrun,sverige,500.0,29.9,6.0,6.0,2.0,Passar till lammPassar till nötPassar till sällskapsdryck,mörk lager,dunkel,5.9799999999999995
4222,tiramisú,imperial stout,italien,330.0,44.8,6.0,9.0,9.0,Passar till sällskapsdryckPassar till dessert,imperial porter och stout,,13.575757575757574
4223,fantasma,gluten free ipa,storbritannien,330.0,27.9,,,,,ale,india pale ale,8.454545454545453
4224,krusovice,imperial,tjeckien,30000.0,,,,,,ljus lager,pilsner,
4225,latter day,ipa,sverige,30000.0,,,,,,ale,india pale ale,
4226,founders,centennial ipa,usa,355.0,29.9,,,,,ale,india pale ale,8.422535211267606
4227,turbopils,,norge,500.0,24.9,,,,,ljus lager,internationell stil,4.9799999999999995
4228,valhalla vacation,,storbritannien,330.0,54.9,,,,,övrig syrlig öl,,16.636363636363637
4229,ghost brewery,india pale ale,sverige,330.0,25.9,,,,,ale,india pale ale,7.848484848484848
4230,ekerö brygghus,west coast ipa,sverige,30000.0,,,,,,ale,india pale ale,
4231,ahlafors,jubileums ipa,sverige,30000.0,,,,,,ale,india pale ale,
4232,siren,yu lu session pale ale,storbritannien,330.0,25.9,,,,,ale,amerikansk pale ale,7.848484848484848
4233,dugges,supersonic tonic,sverige,330.0,28.0,,,,,övrig syrlig öl,,8.484848484848486
4234,lövnäs,stoutevski stout,sverige,330.0,25.3,,,,,torr porter och stout,,7.666666666666668
4235,lövnäs,red rooster ale,sverige,330.0,25.2,,,,,ale,amber ale,7.636363636363636
4236,monad,citra nelson sauvin india pale ale,belgien,330.0,55.6,,,,,ale,india pale ale,16.848484848484848
4237,marshall,rock n roll craft beer full stack india pale ale,storbritannien,330.0,24.9,,,,,ale,india pale ale,7.545454545454546
4238,afo,,italien,330.0,32.9,,,,,ale,amber ale,9.969696969696969
4239,la goudale,ipa,frankrike,330.0,28.9,,,,,ale,india pale ale,8.757575757575758
4240,gula porten,veteöl,sverige,330.0,27.9,,,,,veteöl,hefeweizen,8.454545454545453
4241,österlen,batch no4 belgisk blonde,sverige,330.0,27.9,,,,,ale,belgisk ljus ale,8.454545454545453
4242,amarillo smash,single hop pale ale,sverige,330.0,28.9,,,,,ale,amerikansk pale ale,8.757575757575758
4243,prazacka,ljus lager,tjeckien,500.0,22.1,,,,,ljus lager,pilsner,4.42
4244,cernovar,ljus lager,tjeckien,500.0,23.4,,,,,ljus lager,pilsner,4.68
4245,gotlands bryggeri,"wisby oaked porter, 2011",sverige,330.0,65.3,7.0,8.0,1.0,Passar till nötPassar till sällskapsdryckPassar till vilt,imperial porter och stout,,19.78787878787879
4246,beeding best,bitter,storbritannien,500.0,60.3,,,,,ale,engelsk pale ale och bitter,12.06
4247,tangmere tower,,storbritannien,500.0,60.4,,,,,ale,golden/blond ale,12.079999999999998
4248,dirty arthur,,storbritannien,500.0,61.3,,,,,,,12.26
4249,hertenheer,blond,belgien,330.0,55.1,,,,,ale,belgisk ljus ale,16.696969696969695
4250,meantime,london pale ale,storbritannien,330.0,15.9,,,,,ale,engelsk pale ale och bitter,4.818181818181818
4251,snö,,tjeckien,500.0,29.2,,,,,ljus lager,pilsner,5.84
4252,thornbridge,halcyon imperial ipa,storbritannien,440.0,39.9,,,,,ale,imperial/dubbel ipa,9.068181818181818
4253,thornbridge,jaipur ipa,storbritannien,330.0,25.9,,,,,ale,india pale ale,7.848484848484848
4254,gipsy hill,ovni ipa,storbritannien,440.0,59.9,,,,,ale,india pale ale,13.613636363636363
4255,coolhead,sea buckthorn gose nordic sour,finland,330.0,43.0,,,,,syrlig öl,gose och lichtenhainer,13.030303030303031
4256,thundermother,whatever india pale ale,sverige,330.0,28.9,,,,,ale,india pale ale,8.757575757575758
4257,pohjala,winter bänger imperial stout,estland,330.0,51.9,,,,,imperial porter och stout,,15.727272727272727
4258,timmermans,strawberry lambic,belgien,330.0,31.9,,,,,syrlig öl,frukt,9.666666666666666
4259,tafa tafa,mai tai sour ale,storbritannien,440.0,69.9,,,,,övrig syrlig öl,,15.886363636363637
4260,gipsy hill,squashed strawberry sour cherry apple,storbritannien,440.0,64.9,,,,,övrig syrlig öl,,14.750000000000002
4261,de molen bommen & granaten,barley wine,nederländerna,330.0,41.9,,,,,ale,barley wine,12.696969696969695
4262,gouden carolus,"indulgence funken, 2020",belgien,750.0,124.9,,,,,ale,belgisk mörk ale,16.653333333333332
4263,zichovec,blackcurrant sour 12,tjeckien,500.0,60.2,,,,,övrig syrlig öl,,12.040000000000001
4264,zichovec,taste like summer 17 new england ipa,tjeckien,500.0,68.6,,,,,ale,new england ipa/hazy ipa,13.719999999999999
4265,chimay blå,grand réserve,belgien,1500.0,249.0,,,,,ale,belgisk mörk ale,16.6
4266,bière du boucanier,golden ale,belgien,330.0,47.0,6.0,8.0,4.0,Passar till fläskPassar till lammPassar till ostPassar till sällskapsdryck,ale,abt och kvadrupel,14.242424242424242
4267,ripon jewel,ale,storbritannien,500.0,44.6,,,,,ale,strong ale,8.92
4268,little creatures,pale ale,australien,330.0,50.5,,,,,ale,amerikansk pale ale,15.303030303030301
4269,casablanca beer,,marocko,350.0,43.4,,,,,ljus lager,internationell stil,12.4
4270,cusquena,,peru,330.0,44.1,,,,,ljus lager,internationell stil,13.363636363636363
4271,la trappe,witte trappist,nederländerna,330.0,21.3,3.0,6.0,1.0,Passar till asiatisktPassar till fiskPassar till fågelPassar till sällskapsdryck,veteöl,witbier,6.454545454545454
4272,bernard,amber lager,tjeckien,500.0,25.9,,,,,mellanmörk lager,polotmavý,5.18
4273,praga,premium pils,tjeckien,500.0,18.9,,,,,ljus lager,pilsner,3.7800000000000002
4274,rådanäs,california common,sverige,30000.0,,,,,,mellanmörk lager,california common,
4275,hazy/dc,ddh ipa,tyskland,440.0,48.5,,,,,ale,new england ipa/hazy ipa,11.022727272727273
4276,la volpina,rossa doppio malto,italien,500.0,43.9,6.0,8.0,2.0,Passar till lammPassar till nötPassar till sällskapsdryck,ale,amber ale,8.780000000000001
4277,störtebeker,atlantik-ale,tyskland,330.0,17.9,,,,,ale,amerikansk pale ale,5.424242424242424
4278,julskägg,,sverige,500.0,36.8,5.0,8.0,9.0,Passar till dessert,porter och stout,,7.359999999999999
4279,xingu,black beer,brasilien,355.0,42.9,,,,,mörk lager,schwarzbier,12.084507042253522
4280,st stefanus,blonde ale,belgien,330.0,26.8,,,,,ale,belgisk ljus ale,8.121212121212121
4281,augustiner,lagerbier hell,tyskland,500.0,47.5,,,,,ljus lager,dortmunder och helles,9.5
4282,mariestads,emmer porter,sverige,750.0,229.0,9.0,10.0,2.0,Passar till nötPassar till vilt,porter och stout,,30.533333333333335
4283,duvel,,belgien,750.0,79.9,,,,,ale,belgisk ljus ale,10.653333333333334
4284,liefmans,kriek,belgien,750.0,79.9,,,,,syrlig öl,flamländsk röd och brun öl,10.653333333333334
4285,alhambra special,,spanien,330.0,36.6,,,,,ljus lager,internationell stil,11.090909090909092
4286,molson,canadian premium lager,storbritannien,330.0,41.6,,,,,ljus lager,internationell stil,12.606060606060607
4287,mohawk,india pale ale,belgien,330.0,29.9,,,,,ale,india pale ale,9.06060606060606
4288,bintang,pilsener,indonesien,330.0,38.6,,,,,,,11.696969696969697
4289,137 telge brygghus ginger ipa,,sverige,330.0,35.1,4.0,5.0,2.0,Passar till asiatisktPassar till fågelPassar till fläskPassar till kryddstarkt,ale,india pale ale,10.636363636363637
4290,o'hara's,irish pale ale,irland,500.0,31.9,,,,,ale,india pale ale,6.38
4291,a ship full of ipa,,sverige,30000.0,,,,,,ale,india pale ale,
4292,esplanad höstlager,,sverige,500.0,41.0,6.0,6.0,2.0,Passar till lammPassar till nötPassar till sällskapsdryck,mörk lager,dunkel,8.200000000000001
4293,vedett,ipa,belgien,330.0,27.9,,,,,ale,india pale ale,8.454545454545453
4294,windhoek,lager,namibia,340.0,42.7,,,,,ljus lager,internationell stil,12.558823529411766
4295,happy rhino,lager,sverige,330.0,25.9,,,,,ljus lager,internationell stil,7.848484848484848
4296,rådanäs,lagom lager,sverige,30000.0,,,,,,ljus lager,internationell stil,
4297,137 telge brygghus,pomegranate ipa,sverige,330.0,35.1,6.0,5.0,1.0,Passar till sällskapsdryck,ale,india pale ale,10.636363636363637
4298,ridgeway,foreign export stout,storbritannien,330.0,29.9,,,,,torr porter och stout,,9.06060606060606
4299,shepherd neame,1698,storbritannien,500.0,31.9,,,,,ale,strong ale,6.38
4300,ridgeway,bad elf dry hop,storbritannien,500.0,37.5,,,,,ale,engelsk pale ale och bitter,7.5
4301,ahlafors,aotearoa,sverige,30000.0,,,,,,ljus lager,modern stil/india pale lager,
4302,qua,india pale lager,sverige,330.0,27.5,7.0,6.0,2.0,Passar till lammPassar till nötPassar till sällskapsdryck,ljus lager,modern stil/india pale lager,8.333333333333332
4303,schlappeseppel specialität,,tyskland,330.0,29.9,,,,,mellanmörk lager,märzen och wienerstil,9.06060606060606
4304,schlappeseppel,pils,tyskland,330.0,22.8,,,,,ljus lager,pilsner,6.909090909090909
4305,gurkha,premium lager beer,storbritannien,660.0,54.5,,,,,ljus lager,internationell stil,8.257575757575758
4306,32 via dei birrai öllåda,,italien,,679.2,,,,,annan öl,öl av flera typer/stilar,
4307,brutal brewing,lola,sverige,330.0,17.9,5.0,5.0,1.0,Passar till fiskPassar till fågelPassar till fläskPassar till sällskapsdryck,ljus lager,modern stil/india pale lager,5.424242424242424
4308,pluras malte,ofiltrerad lager,sverige,330.0,26.4,,,,,ljus lager,modern stil/india pale lager,8.0
4309,helsinge julöl,2018,sverige,500.0,33.4,6.0,5.0,2.0,Passar till fläskPassar till lammPassar till nötPassar till sällskapsdryck,mörk lager,dunkel,6.68
4310,bernard,unfiltered,tjeckien,30000.0,,,,,,ljus lager,pilsner,
4311,bryggarbackens,grill bill,sverige,330.0,26.9,,,,,ljus lager,modern stil/india pale lager,8.15151515151515
4312,clown shoes,mangö american ale,usa,355.0,29.9,,,,,,,8.422535211267606
4313,stormare brööl,organic smash,sverige,330.0,29.5,5.0,5.0,2.0,Passar till sällskapsdryckPassar till fågelPassar till fläsk,ljus lager,starkare lager,8.93939393939394
4314,sommarsnö,,sverige,330.0,28.7,8.0,7.0,2.0,Passar till lammPassar till nötPassar till sällskapsdryck,ale,india pale ale,8.696969696969695
4315,narcissus,simcoe galaxy india pale ale,belgien,330.0,55.6,,,,,ale,india pale ale,16.848484848484848
4316,rebel högtid,special,tjeckien,500.0,24.6,,,,,ljus lager,starkare lager,4.92
4317,lbsb,pale ale,sverige,330.0,24.9,6.0,5.0,1.0,Passar till fågelPassar till fläskPassar till sällskapsdryckPassar till fisk,ale,amerikansk pale ale,7.545454545454546
4318,sunday stack,imperial stout,grekland,440.0,108.8,,,,,imperial porter och stout,,24.727272727272727
4319,honeypot lager,,,500.0,21.9,,,,,ljus lager,internationell stil,4.38
4320,stone never ending haze,session ipa,usa,355.0,19.9,,,,,ale,session ipa,5.605633802816901
4321,mad squirrel,bust le nuts hazelnut stout,storbritannien,440.0,89.0,,,,,imperial porter och stout,,20.227272727272727
4322,spectre sister,,storbritannien,750.0,193.2,,,,,annan öl,öl av flera typer/stilar,25.759999999999998
4323,sneaky steamer,classic hoppy ale,storbritannien,500.0,61.7,,,,,ale,india pale ale,12.340000000000002
4324,schuppenboer,tripel,belgien,330.0,59.2,,,,,ale,trippel,17.93939393939394
4325,schuppenboer,grand cru,belgien,330.0,61.6,,,,,ale,trippel,18.666666666666668
4326,dead man's hand,russian imperial stout whisky barrel aged,belgien,750.0,129.0,,,,,imperial porter och stout,,17.2
4327,tail of a whale,,sverige,330.0,16.9,,,,,veteöl,övrig veteöl,5.121212121212121
4328,thornbridge,green mountain hazy session ipa,storbritannien,330.0,26.9,,,,,ale,session ipa,8.15151515151515
4329,idlewild,fire island india red ale,sverige,330.0,26.6,,,,,ale,india pale ale,8.06060606060606
4330,österlen,batch no2 modern ipa,sverige,330.0,27.9,,,,,ale,india pale ale,8.454545454545453
4331,double william,india pale ale,sverige,330.0,81.7,,,,,ale,india pale ale,24.757575757575758
4332,kona,big wave,usa,30000.0,,,,,,ale,golden/blond ale,
4333,freeride,,italien,330.0,32.9,,,,,ale,india pale ale,9.969696969696969
4334,flensburger,pilsener party keg,tyskland,5000.0,378.3,,,,,ljus lager,pilsner,7.566000000000001
4335,double william,india pale ale,sverige,330.0,81.7,,,,,ale,india pale ale,24.757575757575758
4336,kona,big wave,usa,30000.0,,,,,,ale,golden/blond ale,
4337,freeride,,italien,330.0,32.9,,,,,ale,india pale ale,9.969696969696969
4338,st austell,korev cornish lager,storbritannien,500.0,37.9,,,,,ljus lager,internationell stil,7.579999999999999
4339,spaceman dust,,tyskland,440.0,55.9,,,,,ale,amerikansk pale ale,12.704545454545455
4340,stone brett ipa,"enjoy after 07.04.16, 2016",usa,750.0,159.9,,,,,ale,imperial/dubbel ipa,21.32
4341,allen,dubbel ipa,storbritannien,440.0,84.9,,,,,ale,imperial/dubbel ipa,19.295454545454547
4342,einbecker,winter-bock,tyskland,330.0,24.9,,,,,mörk lager,dubbelbock,7.545454545454546
4343,ridgeway,bad elf dry hop,storbritannien,500.0,37.5,,,,,ale,engelsk pale ale och bitter,7.5
4344,ahlafors,aotearoa,sverige,30000.0,,,,,,ljus lager,modern stil/india pale lager,
4345,qua,india pale lager,sverige,330.0,27.5,7.0,6.0,2.0,Passar till lammPassar till nötPassar till sällskapsdryck,ljus lager,modern stil/india pale lager,8.333333333333332
4346,flensburger,pilsener party keg,tyskland,5000.0,378.3,,,,,ljus lager,pilsner,7.566000000000001
4347,tsmns,eko lager,sverige,330.0,19.9,,,,,ljus lager,modern stil/india pale lager,6.030303030303029
4348,samuel smith,organic raspberry fruit,storbritannien,355.0,28.9,,,,,annan öl,öl av flera typer/stilar,8.140845070422536
4349,bakalar,svetlý lezák,tjeckien,500.0,27.3,,,,,ljus lager,pilsner,5.46
4350,san miguel,eco,spanien,250.0,14.0,,,,,ljus lager,internationell stil,5.6000000000000005
4351,könig ludwig,weissbier,tyskland,500.0,22.9,,,,,veteöl,hefeweizen,4.58
4352,weltenburger,helle weisse,tyskland,500.0,29.0,,,,,veteöl,hefeweizen,5.800000000000001
4353,norrlands guld,export,sverige,30000.0,,,,,,ljus lager,internationell stil,
4354,mahou cinco estrella,,spanien,330.0,17.9,,,,,ljus lager,internationell stil,5.424242424242424
4355,gammelbacka mix,,sverige,,703.2,,,,,annan öl,öl av flera typer/stilar,
4356,nomada,petricor ipa,spanien,330.0,27.9,,,,,ale,india pale ale,8.454545454545453
4357,wessinge brygghus,aurora borealis golden ale,sverige,20000.0,,,,,,ale,strong ale,
4358,quilmes,,argentina,970.0,83.4,,,,,ljus lager,internationell stil,8.597938144329898
4359,guinness,draught surger,irland,520.0,24.5,4.0,6.0,1.0,Passar till fläskPassar till lammPassar till sällskapsdryck,torr porter och stout,,4.711538461538462
4360,pietra,kastanjeöl,frankrike,330.0,36.6,,,,,annan öl,,11.090909090909092
4361,bischofshof,regensburger premium,tyskland,500.0,29.9,,,,,,,5.9799999999999995
4362,lion lager,,sri lanka,330.0,41.5,,,,,ljus lager,internationell stil,12.575757575757576
4363,lion lager,,sri lanka,625.0,65.7,,,,,ljus lager,internationell stil,10.512
4364,st peter's,india pale ale,storbritannien,500.0,36.9,,,,,ale,india pale ale,7.379999999999999
4365,ridgeway bitter,,storbritannien,500.0,33.9,,,,,ale,engelsk pale ale och bitter,6.78
4366,saigon,export,vietnam,355.0,37.3,,,,,ljus lager,internationell stil,10.507042253521126
4367,rådanäs,ekologiska pilsner,sverige,30000.0,,,,,,,,
4368,rådanäs,porter,sverige,30000.0,,,,,,porter och stout,,
4369,st bernardus,tripel,belgien,330.0,29.0,,,,,ale,trippel,8.787878787878787
4370,o'haras,leann follain,irland,330.0,22.9,,,,,söt porter och stout,,6.939393939393939
4371,roffe,blonde,sverige,330.0,31.5,,,,,ale,belgisk ljus ale,9.545454545454547
4372,falcon export,,sverige,30000.0,,,,,,ljus lager,internationell stil,
4373,kingfisher,,,650.0,34.9,,,,,ljus lager,internationell stil,5.369230769230769
4374,zeunerts merke,,sverige,30000.0,,,,,,ljus lager,internationell stil,
4375,sapporo,premium lager,,330.0,17.9,,,,,ljus lager,internationell stil,5.424242424242424
4376,menabrea,birra bionda,italien,330.0,17.9,4.0,5.0,2.0,Passar till fiskPassar till fläskPassar till grönsakerPassar till sällskapsdryck,ljus lager,internationell stil,5.424242424242424
4377,hanscraft mixpack,,tyskland,,478.8,,,,,annan öl,öl av flera typer/stilar,
4378,rinkuskiai,alaus kelias lager,litauen,500.0,33.2,,,,,ljus lager,internationell stil,6.64
4379,rinkuskiai,r proginis pale lager,litauen,500.0,32.4,,,,,ljus lager,internationell stil,6.4799999999999995
4380,mahou cinco estrella,,spanien,330.0,17.9,,,,,ljus lager,internationell stil,5.424242424242424
4381,gammelbacka mix,,sverige,,703.2,,,,,annan öl,öl av flera typer/stilar,
4382,nomada,petricor ipa,spanien,330.0,27.9,,,,,ale,india pale ale,8.454545454545453
4383,wessinge brygghus,aurora borealis golden ale,sverige,20000.0,,,,,,ale,strong ale,
4384,quilmes,,argentina,970.0,83.4,,,,,ljus lager,internationell stil,8.597938144329898
4385,pelforth,blonde,frankrike,250.0,32.7,,,,,,,13.08
4386,st austell big job,double ipa,storbritannien,500.0,39.9,,,,,ale,india pale ale,7.9799999999999995
4387,duvel,,belgien,1500.0,215.0,,,,,ale,belgisk ljus ale,14.333333333333334
4388,höga kusten,,sverige,30000.0,,5.0,6.0,2.0,Passar till buffématPassar till fiskPassar till fläskPassar till sällskapsdryck,annan öl,öl av flera typer/stilar,
4389,cucapá,lookout blond ale,mexiko,355.0,25.9,,,,,ale,golden/blond ale,7.295774647887324
4390,herold,granat lager,tjeckien,500.0,29.0,,,,,mellanmörk lager,polotmavý,5.800000000000001
4391,nine tales,amber ale,australien,345.0,46.5,,,,,ale,amber ale,13.478260869565217
4392,volkan,santorini black,grekland,330.0,40.6,,,,,mörk lager,dunkel,12.303030303030303
4393,pacifico clara,,mexiko,355.0,44.1,,,,,ljus lager,internationell stil,12.422535211267606
4394,anosteké,india pale ale,frankrike,750.0,79.6,,,,,ale,india pale ale,10.613333333333333
4395,norrlands guld,ljus eko,sverige,30000.0,,,,,,ljus lager,modern stil/india pale lager,
4396,duvel,tripel hop citra,belgien,330.0,34.9,,,,,ale,belgisk ljus ale,10.575757575757576
4397,arboga originalet,,sverige,500.0,15.9,5.0,5.0,2.0,Passar till fiskPassar till fläskPassar till grönsakerPassar till sällskapsdryck,ljus lager,dortmunder och helles,3.18
4398,cervisiam,salty suprise passionfruit gose,norge,330.0,42.9,2.0,5.0,1.0,Passar till sällskapsdryck,syrlig öl,gose och lichtenhainer,13.0
4399,azacca,tropical ipa,sverige,330.0,32.8,8.0,7.0,2.0,Passar till lammPassar till nötPassar till sällskapsdryck,ale,india pale ale,9.939393939393938
4400,jupiler,lager,belgien,250.0,33.0,,,,,ljus lager,internationell stil,13.200000000000001
4401,pistonhead kustom lager,,sverige,30000.0,,,,,,ljus lager,modern stil/india pale lager,
4402,skärgårds ipa,india pale ale,sverige,330.0,25.0,,,,,ale,india pale ale,7.575757575757576
4403,coronado,mermaid's red amber ale,usa,355.0,34.9,,,,,ale,amber ale,9.830985915492956
4404,coronado,leisure lagoon,usa,473.0,39.9,,,,,ale,amerikansk pale ale,8.435517970401692
4405,boucanier,christmas ale,belgien,330.0,38.6,,,,,ale,trippel,11.696969696969697
4406,ahlafors,artisan lager,sverige,30000.0,,,,,,ljus lager,pilsner,
4407,clown shoes,galactica dipa,usa,473.0,47.9,,,,,ale,imperial/dubbel ipa,10.126849894291755
4408,gurkha,premium lager beer,storbritannien,330.0,36.6,,,,,ljus lager,internationell stil,11.090909090909092
4409,flensburger,gold,tyskland,330.0,25.2,,,,,ljus lager,pilsner,7.636363636363636
4410,bitburger,premium,tyskland,30000.0,,,,,,ljus lager,pilsner,
4411,kilkenny,,irland,30000.0,,,,,,ale,irländsk ale,
4412,rodenbach,"vintage, 2016",belgien,750.0,115.0,3.0,6.0,2.0,Passar till aperitifPassar till fågelPassar till fläskPassar till sällskapsdryck,syrlig öl,flamländsk röd och brun öl,15.333333333333332
4413,die bio weisse,organic glutenfree hefe weissbier,österrike,330.0,24.9,,,,,veteöl,hefeweizen,7.545454545454546
4414,fw union,jack ipa,usa,355.0,29.9,,,,,ale,india pale ale,8.422535211267606
4415,bernard,premium lager,tjeckien,30000.0,,,,,,ljus lager,pilsner,
4416,linnéas lager,,sverige,330.0,39.8,,,,,ljus lager,modern stil/india pale lager,12.060606060606059
4417,browar stu mostow,baltic porter palo santo coconut,polen,330.0,89.0,,,,,imperial porter och stout,,26.969696969696972
4418,browar stu mostow,"imperial stout bourbon barrel aged peanut butter, 2020",polen,330.0,109.1,,,,,imperial porter och stout,,33.060606060606055
4419,painting the toon broon,,storbritannien,440.0,79.9,,,,,ale,brown ale,18.15909090909091
4420,jakehead,super charged ipa,storbritannien,440.0,59.9,,,,,ale,india pale ale,13.613636363636363
4421,straffe hendrik,tripel,belgien,330.0,41.6,,,,,ale,trippel,12.606060606060607
4422,brugse,zot blond,belgien,330.0,33.3,,,,,ale,belgisk ljus ale,10.09090909090909
4423,straffe hendrik,quadrupel,belgien,330.0,45.8,,,,,ale,abt och kvadrupel,13.878787878787877
4424,kaltenberg,pils,sverige,330.0,11.0,,,,,ljus lager,pilsner,3.3333333333333335
4425,straffe hendrik,quadrupel,belgien,330.0,45.8,,,,,ale,abt och kvadrupel,13.878787878787877
4426,kaltenberg,pils,sverige,330.0,11.0,,,,,ljus lager,pilsner,3.3333333333333335
4427,i don't tip,ddh west coast ipa,storbritannien,440.0,62.3,,,,,ale,india pale ale,14.159090909090907
4428,tiger beer,,,330.0,16.9,,,,,ljus lager,internationell stil,5.121212121212121
4429,rebel,tudor,tjeckien,500.0,22.0,,,,,ljus lager,pilsner,4.3999999999999995
4430,bärka bärka,,sverige,330.0,20.8,,,,,ljus lager,internationell stil,6.303030303030304
4431,österlen batch no 3,bière de cologne,sverige,330.0,27.9,,,,,ale,kölsch,8.454545454545453
4432,tiki luau,,grekland,440.0,59.3,,,,,övrig syrlig öl,,13.477272727272727
4433,wapnö,gloria julöl,sverige,330.0,23.4,,,,,ljus lager,internationell stil,7.090909090909091
4434,gulden draak,9000 quadruple,belgien,750.0,109.0,,,,,ale,abt och kvadrupel,14.533333333333335
4435,gotlands vinterlåda,,sverige,,330.0,,,,,annan öl,öl av flera typer/stilar,
4436,moctezuma,maple and pecan imperial stout,grekland,440.0,108.9,,,,,imperial porter och stout,,24.750000000000004
4437,lehe,ravnodenstive russian imperial stout,estland,330.0,69.0,,,,,imperial porter och stout,,20.909090909090907
4438,jackalope king,,storbritannien,330.0,56.9,,,,,övrig syrlig öl,,17.242424242424242
4439,amigos,tequila flavoured beer,storbritannien,330.0,16.9,,,,,annan öl,öl av flera typer/stilar,5.121212121212121
4440,kees caramel fudge,,nederländerna,330.0,48.4,,,,,söt porter och stout,,14.666666666666666
4441,easy jack,ipa,usa,355.0,21.9,,,,,ale,session ipa,6.169014084507042
4442,ekerö brygghus pils,,sverige,3000.0,,,,,,ljus lager,pilsner,
4443,quilmes,,argentina,330.0,39.6,,,,,ljus lager,internationell stil,12.000000000000002
4444,lava,smoked imperial stout,island,330.0,44.9,5.0,10.0,5.0,Passar till lammPassar till nötPassar till sällskapsdryckPassar till vilt,imperial porter och stout,,13.606060606060606
4445,småland,extra,sverige,500.0,17.9,,,,,ljus lager,starkare lager,3.58
4446,chimay röd,premiere,belgien,750.0,85.0,4.0,8.0,5.0,Passar till sällskapsdryckPassar till ostPassar till lammPassar till nöt,ale,belgisk mörk ale,11.333333333333332
4447,san miguel,,spanien,1000.0,39.9,,,,,ljus lager,internationell stil,3.9899999999999998
4448,guinness,,irland,30000.0,,,,,,torr porter och stout,,
4449,schlappeseppel,helles bayrisch mild,tyskland,500.0,27.8,,,,,ljus lager,dortmunder och helles,5.5600000000000005
4450,wessinge brygghus,apa,sverige,20000.0,,,,,,ale,amerikansk pale ale,
4451,fraoch,heather ale,storbritannien,500.0,29.9,,,,,ale,engelsk pale ale och bitter,5.9799999999999995
4452,against the grain,,storbritannien,500.0,39.7,,,,,ale,golden/blond ale,7.940000000000001
4453,schneider weisse,unser aventinus tap 6,tyskland,500.0,29.9,3.0,7.0,3.0,Passar till grönsakerPassar till kryddstarktPassar till fläskPassar till sällskapsdryck,veteöl,weizenbock,5.9799999999999995
4454,slush!,blueberry sour ale,belgien,330.0,29.9,,,,,övrig syrlig öl,,9.06060606060606
4455,tsingtao,premium lager,folkrepubliken kina,330.0,12.9,,,,,ljus lager,internationell stil,3.909090909090909
4456,schuppenboer,whisky barrel aged tripel belgian owl,belgien,330.0,69.0,,,,,ale,trippel,20.909090909090907
4457,siren craft brew,lumina gluten free session ipa,storbritannien,330.0,25.9,,,,,ale,session ipa,7.848484848484848
4458,minster ale,,storbritannien,500.0,31.9,,,,,ale,engelsk pale ale och bitter,6.38
4459,browar funky fluid,"gelato passionfruit, mango, peach",polen,500.0,59.9,,,,,övrig syrlig öl,,11.98
4460,smögen ale,göteborg jubileumsöl,sverige,330.0,16.9,,,,,ale,amber ale,5.121212121212121
4461,cittra face off,imperial dubbel india pale ale,spanien,440.0,66.7,,,,,ale,imperial/dubbel ipa,15.15909090909091
4462,khukuri,premium lager,,330.0,36.7,,,,,ljus lager,internationell stil,11.121212121212123
4463,moosehead,pale ale,kanada,341.0,44.6,,,,,ale,golden/blond ale,13.0791788856305
4464,cusquena,,peru,330.0,44.3,,,,,mörk lager,dunkel,13.424242424242424
4465,arne lager,fc bryggeri,sverige,330.0,25.1,,,,,ljus lager,pilsner,7.606060606060606
4466,rothaus,tannenzäpfle,tyskland,330.0,43.5,,,,,ljus lager,pilsner,13.18181818181818
4467,san miguel fresca,,spanien,330.0,15.9,,,,,ljus lager,internationell stil,4.818181818181818
4468,sleeman,honey brown lager,kanada,341.0,42.6,,,,,mellanmörk lager,märzen och wienerstil,12.49266862170088
4469,brahma,chopp,brasilien,355.0,44.3,,,,,ljus lager,internationell stil,12.47887323943662
4470,augustiner pils,,tyskland,330.0,35.5,,,,,ljus lager,pilsner,10.757575757575758
4471,thornbridge,am:pm gluten free session ipa,storbritannien,330.0,24.9,,,,,ale,session ipa,7.545454545454546
4472,de oude cam,oude lambiek,belgien,750.0,229.9,,,,,syrlig öl,lambic,30.653333333333332
4473,delirium nocturnum,,belgien,330.0,41.7,,,,,ale,belgisk mörk ale,12.636363636363637
4474,de oude cam,geuze,belgien,750.0,289.9,,,,,syrlig öl,gueuze,38.65333333333333
4475,delirium tremens,,belgien,750.0,91.6,,,,,ale,belgisk ljus ale,12.213333333333333
4476,brewdog,silk road lychee & mango hazy ipa,storbritannien,330.0,39.9,,,,,ale,new england ipa/hazy ipa,12.090909090909092
4477,when idaho falls in love,,tyskland,440.0,59.7,,,,,ale,imperial/dubbel ipa,13.568181818181818
4478,rinkuskiai,juodasis black ale,litauen,500.0,31.2,,,,,torr porter och stout,,6.239999999999999
4479,rinkuskiai,ipa bitter ale,litauen,500.0,33.9,,,,,ale,india pale ale,6.78
4480,rinkuskiai,porteris baltic porter,litauen,500.0,34.6,,,,,torr porter och stout,,6.92
4481,rudgate brewery,jorvik blonde,storbritannien,500.0,30.9,,,,,ale,golden/blond ale,6.18
4482,beavertown brewery,neck oil session indian pale ale,storbritannien,330.0,21.9,,,,,ale,session ipa,6.636363636363636
4483,estrella galicia,glutenfri,spanien,330.0,17.0,,,,,ljus lager,internationell stil,5.151515151515151
4484,guineu jack the ripa,,spanien,330.0,33.9,,,,,ale,india pale ale,10.272727272727272
4485,kingfisher,,,330.0,18.9,,,,,ljus lager,internationell stil,5.727272727272727
4486,grado plato,birra 1608,italien,750.0,108.8,,,,,annan öl,,14.506666666666664
4487,augustiner bräu,dunkel,tyskland,500.0,45.5,,,,,mörk lager,dunkel,9.1
4488,augustiner bräu,weissbier,tyskland,500.0,46.5,,,,,veteöl,hefeweizen,9.3
4489,rothaus,eiszäpfle,tyskland,330.0,41.5,,,,,ljus lager,dortmunder och helles,12.575757575757576
4490,thornbridge,am:pm gluten free session ipa,storbritannien,330.0,24.9,,,,,ale,session ipa,7.545454545454546
4491,de oude cam,oude lambiek,belgien,750.0,229.9,,,,,syrlig öl,lambic,30.653333333333332
4492,delirium nocturnum,,belgien,330.0,41.7,,,,,ale,belgisk mörk ale,12.636363636363637
4493,de oude cam,geuze,belgien,750.0,289.9,,,,,syrlig öl,gueuze,38.65333333333333
4494,delirium tremens,,belgien,750.0,91.6,,,,,ale,belgisk ljus ale,12.213333333333333
4495,brewdog,silk road lychee & mango hazy ipa,storbritannien,330.0,39.9,,,,,ale,new england ipa/hazy ipa,12.090909090909092
4496,when idaho falls in love,,tyskland,440.0,59.7,,,,,ale,imperial/dubbel ipa,13.568181818181818
4497,rinkuskiai,juodasis black ale,litauen,500.0,31.2,,,,,torr porter och stout,,6.239999999999999
4498,rinkuskiai,ipa bitter ale,litauen,500.0,33.9,,,,,ale,india pale ale,6.78
4499,rinkuskiai,porteris baltic porter,litauen,500.0,34.6,,,,,torr porter och stout,,6.92
4500,rudgate brewery,jorvik blonde,storbritannien,500.0,30.9,,,,,ale,golden/blond ale,6.18
4501,beavertown brewery,neck oil session indian pale ale,storbritannien,330.0,21.9,,,,,ale,session ipa,6.636363636363636
4502,estrella galicia,glutenfri,spanien,330.0,17.0,,,,,ljus lager,internationell stil,5.151515151515151
4503,guineu jack the ripa,,spanien,330.0,33.9,,,,,ale,india pale ale,10.272727272727272
4504,lobkowicz,knize,tjeckien,500.0,28.4,,,,,ljus lager,pilsner,5.68
4505,cobra,,,660.0,29.9,,,,,ljus lager,internationell stil,4.53030303030303
4506,desperados,tequila beer,nederländerna,650.0,71.8,,,,,annan öl,,11.046153846153846
4507,st bernardus,witbier,belgien,330.0,23.9,,,,,veteöl,witbier,7.242424242424242
4508,pripps blå,,sverige,30000.0,,,,,,ljus lager,internationell stil,
4509,san miguel,,spanien,30000.0,,,,,,ljus lager,internationell stil,
4510,augustiner pils,,tyskland,330.0,35.5,,,,,ljus lager,pilsner,10.757575757575758
4511,wongraven,saison,norge,330.0,41.9,,,,,ale,saison,12.696969696969695
4512,north coast,old rasputin russian imperial stout,usa,355.0,35.9,,,,,imperial porter och stout,,10.112676056338028
4513,la chouffe,blonde,belgien,330.0,33.9,,,,,ale,belgisk ljus ale,10.272727272727272
4514,de molen hel & verdoemenis,imperial stout,nederländerna,330.0,40.9,,,,,imperial porter och stout,,12.393939393939393
4515,augustiner bräu,dunkel,tyskland,500.0,45.5,,,,,mörk lager,dunkel,9.1
4516,augustiner bräu,weissbier,tyskland,500.0,46.5,,,,,veteöl,hefeweizen,9.3
4517,rothaus,eiszäpfle,tyskland,330.0,41.5,,,,,ljus lager,dortmunder och helles,12.575757575757576
4518,rychtar,,tjeckien,500.0,16.5,7.0,6.0,1.0,Passar till fläskPassar till lammPassar till sällskapsdryck,ljus lager,pilsner,3.3000000000000003
4519,folkes,pale ale,sverige,30000.0,,,,,,ale,amerikansk pale ale,
4520,folkes ofiltrerade lager,,sverige,30000.0,,,,,,ljus lager,modern stil/india pale lager,
4521,cb´s session ipa,,sverige,30000.0,,,,,,ale,session ipa,
4522,corona extra,,mexiko,355.0,15.5,3.0,3.0,1.0,Passar till asiatisktPassar till grönsakerPassar till kryddstarktPassar till sällskapsdryck,ljus lager,internationell stil,4.366197183098591
4523,skärgårdslager,originalet,sverige,330.0,22.9,,,,,ljus lager,pilsner,6.939393939393939
4524,schlappeseppel,hefe weissbier,tyskland,500.0,28.7,,,,,veteöl,hefeweizen,5.74
4525,big chouffe,,belgien,1500.0,175.0,,,,,ale,belgisk ljus ale,11.666666666666666
4526,train station brewery & tant hilda,ölglögg,sverige,330.0,65.0,5.0,7.0,10.0,Passar till sällskapsdryck,annan öl,öl av flera typer/stilar,19.696969696969695
4527,clown shoes,zen garden ipa,usa,473.0,49.9,,,,,ale,india pale ale,10.54968287526427
4528,clown shoes,clementine white ale,usa,355.0,29.9,,,,,veteöl,witbier,8.422535211267606
4529,la trappe,tripel,nederländerna,750.0,79.9,,,,,ale,belgisk ljus ale,10.653333333333334
4530,cvbc,amber ale,australien,330.0,24.9,,,,,ale,amber ale,7.545454545454546
4531,cvbc,xpa,australien,330.0,29.8,,,,,ale,amerikansk pale ale,9.03030303030303
4532,overworks,krampus nicht,storbritannien,500.0,74.8,,,,,övrig syrlig öl,,14.959999999999999
4533,morgan ale,kombipack,storbritannien,,323.2,,,,,annan öl,öl av flera typer/stilar,
4534,hawelkas brewing company,belgian blonde,sverige,330.0,29.8,5.0,6.0,3.0,Passar till fågelPassar till fläskPassar till sällskapsdryck,ale,belgisk ljus ale,9.03030303030303
4535,brewdog,dogma,storbritannien,330.0,39.9,,,,,ale,skotsk ale,12.090909090909092
4536,chimay,vit,belgien,20000.0,,,,,,ale,trippel,
4537,founders,solid gold,usa,355.0,20.0,5.0,5.0,2.0,Passar till fiskPassar till fläskPassar till grönsakerPassar till sällskapsdryck,ljus lager,modern stil/india pale lager,5.633802816901409
4538,yo ho,yona yona,japan,350.0,39.9,,,,,ale,amerikansk pale ale,11.399999999999999
4539,schuppenaas,hergist met brettanomyces,belgien,330.0,55.0,,,,,ale,belgisk ljus ale,16.666666666666664
4540,kleveretien,zwart & straf,belgien,330.0,59.0,,,,,ale,belgisk mörk ale,17.87878787878788
4541,svaneke,india pale ale,danmark,330.0,27.9,,,,,ale,india pale ale,8.454545454545453
4542,pluras magda,ofiltrerad pale ale,sverige,330.0,29.2,,,,,ale,amerikansk pale ale,8.848484848484848
4543,hubertus,premium,tjeckien,500.0,20.5,,,,,ljus lager,pilsner,4.1000000000000005
4544,high wire,grapefruit pale ale,storbritannien,330.0,26.9,,,,,ale,amerikansk pale ale,8.15151515151515
4545,brewdog,dogma,storbritannien,330.0,39.9,,,,,ale,skotsk ale,12.090909090909092
4546,hubertus,premium,tjeckien,500.0,20.5,,,,,ljus lager,pilsner,4.1000000000000005
4547,oude geuze vielle,,belgien,750.0,109.0,,,,,syrlig öl,gueuze,14.533333333333335
4548,oharas 51st state,ipa,irland,330.0,22.9,,,,,ale,india pale ale,6.939393939393939
4549,uppsala brygghus,imperial stout blandlåda,sverige,,399.6,,,,,annan öl,öl av flera typer/stilar,
4550,rebel,mörk lager,tjeckien,500.0,22.0,,,,,mörk lager,dunkel,4.3999999999999995
4551,nils oscar god lager,,sverige,500.0,29.9,,,,,ljus lager,dortmunder och helles,5.9799999999999995
4552,fenix,pale ale,sverige,20000.0,,,,,,ale,amerikansk pale ale,
4553,fenix,blonde ale,sverige,20000.0,,,,,,ale,golden/blond ale,
4554,sierra nevada,pale ale,usa,355.0,23.9,,,,,ale,amerikansk pale ale,6.732394366197182
4555,rådanäs mixlåda,,sverige,,748.8,,,,,annan öl,öl av flera typer/stilar,
4556,brok,premium lager,polen,500.0,16.9,,,,,ljus lager,internationell stil,3.38
4557,praga,dark lager,tjeckien,500.0,19.0,,,,,mellanmörk lager,polotmavý,3.8
4558,cernovar,mörk lager,tjeckien,500.0,23.5,,,,,mörk lager,dunkel,4.7
4559,andreas,oat india pale ale,sverige,330.0,64.4,,,,,ale,india pale ale,19.515151515151516
4560,cocoa psycho,espresso imperial stout,storbritannien,330.0,39.9,,,,,imperial porter och stout,,12.090909090909092
4561,brewheart,snoop hop,tyskland,440.0,62.8,,,,,ale,india pale ale,14.272727272727273
4562,mahou,session ipa,spanien,330.0,17.9,,,,,ale,session ipa,5.424242424242424
4563,grolsch,premium pilsner,nederländerna,330.0,12.9,,,,,ljus lager,internationell stil,3.909090909090909
4564,meantime,london lager,storbritannien,330.0,14.9,,,,,ljus lager,internationell stil,4.515151515151515
4565,fenix,premium pilsner,sverige,20000.0,,,,,,ljus lager,pilsner,
4566,pokerface,belgian wheat,belgien,330.0,54.4,,,,,veteöl,witbier,16.484848484848484
4567,trooper the collection v2,,storbritannien,,327.3,,,,,annan öl,,
4568,timothy taylors,boltmaker pale ale,storbritannien,500.0,30.5,,,,,ale,engelsk pale ale och bitter,6.1
4569,timothy taylors,landlord dark,storbritannien,500.0,30.9,,,,,ale,engelsk pale ale och bitter,6.18
4570,adelsö,white rabbit - extra pale ale,sverige,330.0,23.9,7.0,5.0,1.0,Passar till fågelPassar till fläskPassar till sällskapsdryck,ale,golden/blond ale,7.242424242424242
4571,historic beer 1843,stallhagen,finland,375.0,39.9,,,,,annan öl,öl av flera typer/stilar,10.639999999999999
4572,the grange,strong golden ale,storbritannien,750.0,219.9,,,,,ale,strong ale,29.32
4573,straffe hendrik,quadrupel,belgien,750.0,99.9,,,,,ale,abt och kvadrupel,13.320000000000002
4574,straffe hendrik,bruges tripel ale 9,belgien,750.0,91.6,,,,,ale,trippel,12.213333333333333
4575,buried in hops,double ipa,storbritannien,440.0,65.5,,,,,ale,imperial/dubbel ipa,14.886363636363637
4576,mad squirrel,hoodblink dbl choc white stout,storbritannien,440.0,89.0,,,,,imperial porter och stout,,20.227272727272727
4577,avspark,dry hopped lager,sverige,330.0,28.5,,,,,ljus lager,modern stil/india pale lager,8.636363636363637
4578,proof brewing co.,dark beasties imperial stout,usa,355.0,78.9,,,,,imperial porter och stout,,22.22535211267606
4579,sourception,"nordic exotizm del 1, 2021",sverige,330.0,48.3,,,,,övrig syrlig öl,,14.636363636363637
4580,hyper jump,,lettland,440.0,67.8,,,,,ale,imperial/dubbel ipa,15.409090909090908
4581,coolhead brew,gose fresca gooseberry & polaris,finland,330.0,46.6,,,,,övrig syrlig öl,,14.121212121212121
4582,niksicko,pivo,montenegro,330.0,17.8,,,,,,,5.393939393939394
4583,hop shed,passion pine berliner,sverige,330.0,29.8,,,,,syrlig öl,berliner weisse,9.03030303030303
4584,overworks,rypereiret,storbritannien,330.0,59.9,,,,,övrig syrlig öl,,18.151515151515152
4585,dark matters,"imperial stout, 2020",sverige,250.0,99.0,,,,,imperial porter och stout,,39.6
4586,heineken,,,30000.0,,,,,,ljus lager,internationell stil,
4587,schneider weisse,original,tyskland,500.0,23.9,,,,,veteöl,hefeweizen,4.779999999999999
4588,birra menabrea,1846,italien,30000.0,,,,,,ljus lager,internationell stil,
4589,de oude cam,kriek,belgien,750.0,259.9,,,,,syrlig öl,frukt,34.65333333333333
4590,delirium tremens,,belgien,330.0,41.7,,,,,ale,belgisk ljus ale,12.636363636363637
4591,delirium red,,belgien,330.0,41.7,,,,,annan öl,,12.636363636363637
4592,allagash brewing company,barrel & bean,usa,355.0,49.9,,,,,ale,trippel,14.056338028169012
4593,new yorker,fine lager,italien,330.0,19.9,,,,,ljus lager,internationell stil,6.030303030303029
4594,modelo,especial,mexiko,355.0,17.9,,,,,ljus lager,internationell stil,5.04225352112676
4595,pohjala,talveöö rum & bourbon ba,estland,330.0,70.9,,,,,imperial porter och stout,,21.484848484848488
4596,pohjala,virmalised ipa,estland,330.0,38.9,,,,,ale,india pale ale,11.787878787878787
4597,de molen,vuur & vlam indian pale ale,nederländerna,330.0,34.9,,,,,ale,india pale ale,10.575757575757576
4598,wessinge,skummeslövsstrand bryggpilsner,sverige,20000.0,,,,,,ljus lager,pilsner,
4599,brewdog,elvis juice,storbritannien,440.0,34.9,,,,,ale,india pale ale,7.931818181818182
4600,catface,india pale ale,storbritannien,440.0,64.9,,,,,ale,new england ipa/hazy ipa,14.750000000000002
4601,sudden death brewing,from the ashes we rise 8% 440ml,tyskland,440.0,71.5,,,,,ale,imperial/dubbel ipa,16.25
4602,zichovec,stolen haze 15 ddh ipa,tjeckien,500.0,61.4,,,,,ale,new england ipa/hazy ipa,12.28
4603,cocoxocomisu,,grekland,440.0,108.8,,,,,imperial porter och stout,,24.727272727272727
4604,stout ist krieg,,sverige,330.0,88.9,,,,,imperial porter och stout,,26.93939393939394
4605,staropramen,granát,tjeckien,30000.0,,,,,,mellanmörk lager,polotmavý,
4606,murphy's,irish red beer,irland,30000.0,,,,,,ale,irländsk ale,
4607,alhambra reserva 1925,,spanien,330.0,18.9,5.0,6.0,2.0,Passar till fågelPassar till fläskPassar till sällskapsdryckPassar till fisk,ljus lager,starkare lager,5.727272727272727
4608,baltika,premium nr 7,ryssland,500.0,46.5,,,,,ljus lager,internationell stil,9.3
4609,guineu,vanilla black velvet,spanien,330.0,43.9,,,,,imperial porter och stout,,13.303030303030303
4610,hård,,sverige,500.0,36.5,,,,,ale,extra special bitter,7.3
4611,omnipollo levon,,,330.0,27.0,7.0,7.0,2.0,Passar till fågelPassar till fläskPassar till sällskapsdryck,ale,india pale ale,8.181818181818182
4612,murphy's irish stout,,irland,30000.0,,,,,,torr porter och stout,,
4613,la chouffe,blonde,belgien,330.0,26.9,,,,,ale,belgisk ljus ale,8.15151515151515
4614,st bernardus,prior 8,belgien,330.0,29.0,,,,,ale,dubbel,8.787878787878787
4615,s:t eriks ipa fat,,sverige,30000.0,,,,,,ale,india pale ale,
4616,bogesund 1788,den röde hanen,tjeckien,500.0,23.7,6.0,6.0,3.0,Passar till fågelPassar till fläskPassar till lammPassar till sällskapsdryck,mellanmörk lager,polotmavý,4.74
4617,pripps blå,export,sverige,500.0,14.9,,,,,ljus lager,internationell stil,2.98
4618,keo,premium beer,cypern,330.0,15.3,,,,,ljus lager,internationell stil,4.636363636363637
4619,estrella galicia,premium lager,spanien,330.0,14.9,,,,,ljus lager,internationell stil,4.515151515151515
4620,presidente,pilsener,dominikanska republiken,330.0,47.0,,,,,ljus lager,internationell stil,14.242424242424242
4621,shepherd neame double stout,,storbritannien,500.0,28.9,7.0,6.0,1.0,Passar till lammPassar till nötPassar till viltPassar till sällskapsdryck,torr porter och stout,,5.779999999999999
4622,shepherd neame,,storbritannien,500.0,29.9,,,,,ale,india pale ale,5.9799999999999995
4623,birra italia,1906,italien,330.0,16.5,,,,,ljus lager,internationell stil,5.0
4624,carlskrona,pilsner,sverige,330.0,25.2,6.0,6.0,1.0,Passar till fågelPassar till fläskPassar till sällskapsdryckPassar till fisk,ljus lager,pilsner,7.636363636363636
4625,norrlands,djup,sverige,500.0,17.5,,,,,ljus lager,starkare lager,3.5000000000000004
4626,almaza,,libanon,330.0,41.7,,,,,ljus lager,internationell stil,12.636363636363637
4627,khukuri,premium lager,,660.0,54.6,,,,,ljus lager,internationell stil,8.272727272727273
4628,961 beer,red ale,libanon,330.0,25.9,,,,,ale,amber ale,7.848484848484848
4629,meteor,export,frankrike,330.0,23.1,,,,,ljus lager,internationell stil,7.000000000000001
4630,club colombia,,colombia,330.0,45.6,,,,,ljus lager,internationell stil,13.818181818181818
4631,maredsous,blond,belgien,750.0,69.9,,,,,ale,belgisk ljus ale,9.32
4632,la trappe,dubbel,nederländerna,750.0,79.9,,,,,ale,dubbel,10.653333333333334
4633,961 beer,american india pale ale,libanon,330.0,26.9,,,,,ale,amerikansk pale ale,8.15151515151515
4634,beirut beer,,libanon,330.0,21.9,,,,,ljus lager,internationell stil,6.636363636363636
4635,cucapá,chubacabra pale ale,mexiko,355.0,27.2,,,,,ale,amerikansk pale ale,7.661971830985916
4636,guldkällan,,sverige,500.0,14.3,,,,,ljus lager,internationell stil,2.86
4637,mölska bergslagen,,sverige,330.0,48.6,3.0,5.0,4.0,Passar till fläskPassar till lammPassar till sällskapsdryck,annan öl,,14.727272727272728
4638,rothaus,hefeweizen,tyskland,500.0,46.8,,,,,veteöl,hefeweizen,9.36
